@article{RN87,
   title = {Obtaining wound specimens: 3 techniques},
   journal = {Adv Skin Wound Care},
   volume = {17},
   number = {2},
   pages = {64-5},
   ISSN = {1527-7941 (Print)
1527-7941 (Linking)},
   DOI = {10.1097/00129334-200403000-00010},
   url = {https://www.ncbi.nlm.nih.gov/pubmed/15021089},
   year = {2004},
   type = {Journal Article}
}

@article{RN189,
   author = {Adriaenssens, E. M. and Wittmann, J. and Kuhn, J. H. and Turner, D. and Sullivan, M. B. and Dutilh, B. E. and Jang, H. B. and van Zyl, L. J. and Klumpp, J. and Lobocka, M. and Moreno Switt, A. I. and Rumnieks, J. and Edwards, R. A. and Uchiyama, J. and Alfenas-Zerbini, P. and Petty, N. K. and Kropinski, A. M. and Barylski, J. and Gillis, A. and Clokie, M. R. C. and Prangishvili, D. and Lavigne, R. and Aziz, R. K. and Duffy, S. and Krupovic, M. and Poranen, M. M. and Knezevic, P. and Enault, F. and Tong, Y. and Oksanen, H. M. and Rodney Brister, J.},
   title = {Taxonomy of prokaryotic viruses: 2017 update from the ICTV Bacterial and Archaeal Viruses Subcommittee},
   journal = {Arch Virol},
   volume = {163},
   number = {4},
   pages = {1125-1129},
   ISSN = {1432-8798 (Electronic)
0304-8608 (Linking)},
   DOI = {10.1007/s00705-018-3723-z},
   url = {https://www.ncbi.nlm.nih.gov/pubmed/29356990},
   year = {2018},
   type = {Journal Article}
}

@article{RN51,
   author = {Altschul, S. F. and Gish, W. and Miller, W. and Myers, E. W. and Lipman, D. J.},
   title = {Basic local alignment search tool},
   journal = {J Mol Biol},
   volume = {215},
   number = {3},
   pages = {403-10},
   ISSN = {0022-2836 (Print)
0022-2836 (Linking)},
   DOI = {10.1016/S0022-2836(05)80360-2},
   url = {https://www.ncbi.nlm.nih.gov/pubmed/2231712},
   year = {1990},
   type = {Journal Article}
}

@article{RN28,
   author = {Ammons, M. C. and Morrissey, K. and Tripet, B. P. and Van Leuven, J. T. and Han, A. and Lazarus, G. S. and Zenilman, J. M. and Stewart, P. S. and James, G. A. and Copie, V.},
   title = {Biochemical association of metabolic profile and microbiome in chronic pressure ulcer wounds},
   journal = {PLoS One},
   volume = {10},
   number = {5},
   pages = {e0126735},
   ISSN = {1932-6203 (Electronic)
1932-6203 (Linking)},
   DOI = {10.1371/journal.pone.0126735},
   url = {https://www.ncbi.nlm.nih.gov/pubmed/25978400},
   year = {2015},
   type = {Journal Article}
}

@article{RN94,
   author = {Baker, G. C. and Smith, J. J. and Cowan, D. A.},
   title = {Review and re-analysis of domain-specific 16S primers},
   journal = {J Microbiol Methods},
   volume = {55},
   number = {3},
   pages = {541-55},
   ISSN = {0167-7012 (Print)
0167-7012 (Linking)},
   DOI = {10.1016/j.mimet.2003.08.009},
   url = {https://www.ncbi.nlm.nih.gov/pubmed/14607398},
   year = {2003},
   type = {Journal Article}
}

@article{RN143,
   author = {Barr, J. J. and Auro, R. and Furlan, M. and Whiteson, K. L. and Erb, M. L. and Pogliano, J. and Stotland, A. and Wolkowicz, R. and Cutting, A. S. and Doran, K. S. and Salamon, P. and Youle, M. and Rohwer, F.},
   title = {Bacteriophage adhering to mucus provide a non-host-derived immunity},
   journal = {Proceedings of the National Academy of Sciences of the United States of America},
   volume = {110},
   number = {26},
   pages = {10771-10776},
   ISSN = {0027-8424},
   DOI = {10.1073/pnas.1305923110},
   url = {<Go to ISI>://WOS:000321503700071},
   year = {2013},
   type = {Journal Article}
}

@article{RN145,
   author = {Barr, J. J. and Auro, R. and Sam-Soon, N. and Kassegne, S. and Peters, G. and Bonilla, N. and Hatay, M. and Mourtada, S. and Bailey, B. and Youle, M. and Felts, B. and Baljon, A. and Nulton, J. and Salamon, P. and Rohwer, F.},
   title = {Subdiffusive motion of bacteriophage in mucosal surfaces increases the frequency of bacterial encounters},
   journal = {Proceedings of the National Academy of Sciences of the United States of America},
   volume = {112},
   number = {44},
   pages = {13675-13680},
   ISSN = {0027-8424},
   DOI = {10.1073/pnas.1508355112},
   url = {<Go to ISI>://WOS:000364164900074},
   year = {2015},
   type = {Journal Article}
}

@article{RN144,
   author = {Barr, J. J. and Youle, M. and Rohwer, F.},
   title = {Innate and acquired bacteriophage-mediated immunity},
   journal = {Bacteriophage},
   volume = {3},
   number = {3},
   pages = {e25857},
   ISSN = {2159-7073 (Print)
2159-7073 (Linking)},
   DOI = {10.4161/bact.25857},
   url = {https://www.ncbi.nlm.nih.gov/pubmed/24228227},
   year = {2013},
   type = {Journal Article}
}

@article{RN187,
   author = {Barylski, J. and Kropinski, A. M. and Alikhan, N. F. and Adriaenssens, E. M. and Ictv Report, Consortium},
   title = {ICTV Virus Taxonomy Profile: Herelleviridae},
   journal = {J Gen Virol},
   ISSN = {1465-2099 (Electronic)
0022-1317 (Linking)},
   DOI = {10.1099/jgv.0.001392},
   url = {https://www.ncbi.nlm.nih.gov/pubmed/32022658},
   year = {2020},
   type = {Journal Article}
}

@article{RN88,
   author = {Bill, T. J. and Ratliff, C. R. and Donovan, A. M. and Knox, L. K. and Morgan, R. F. and Rodeheaver, G. T.},
   title = {Quantitative swab culture versus tissue biopsy: a comparison in chronic wounds},
   journal = {Ostomy Wound Manage},
   volume = {47},
   number = {1},
   pages = {34-7},
   ISSN = {0889-5899 (Print)
0889-5899 (Linking)},
   url = {https://www.ncbi.nlm.nih.gov/pubmed/11889654},
   year = {2001},
   type = {Journal Article}
}

@article{RN82,
   author = {Bolger, A. M. and Lohse, M. and Usadel, B.},
   title = {Trimmomatic: a flexible trimmer for Illumina sequence data},
   journal = {Bioinformatics},
   volume = {30},
   number = {15},
   pages = {2114-20},
   ISSN = {1367-4811 (Electronic)
1367-4803 (Linking)},
   DOI = {10.1093/bioinformatics/btu170},
   url = {https://www.ncbi.nlm.nih.gov/pubmed/24695404},
   year = {2014},
   type = {Journal Article}
}

@article{RN117,
   author = {Bomar, L. and Brugger, S. D. and Yost, B. H. and Davies, S. S. and Lemon, K. P.},
   title = {Corynebacterium accolens Releases Antipneumococcal Free Fatty Acids from Human Nostril and Skin Surface Triacylglycerols},
   journal = {Mbio},
   volume = {7},
   number = {1},
   ISSN = {2150-7511},
   DOI = {ARTN e01725-15
10.1128/mBio.01725-15},
   url = {<Go to ISI>://WOS:000373933100007},
   year = {2016},
   type = {Journal Article}
}

@article{RN179,
   author = {Bondy-Denomy, J. and Pawluk, A. and Maxwell, K. L. and Davidson, A. R.},
   title = {Bacteriophage genes that inactivate the CRISPR/Cas bacterial immune system},
   journal = {Nature},
   volume = {493},
   number = {7432},
   pages = {429-U181},
   ISSN = {0028-0836},
   DOI = {10.1038/nature11723},
   url = {<Go to ISI>://WOS:000313615900057},
   year = {2013},
   type = {Journal Article}
}

@article{RN150,
   author = {Borges, A. L. and Zhang, J. Y. and Rollins, M. F. and Osuna, B. A. and Wiedenheft, B. and Bondy-Denomy, J.},
   title = {Bacteriophage Cooperation Suppresses CRISPR-Cas3 and Cas9 Immunity},
   journal = {Cell},
   volume = {174},
   number = {4},
   pages = {917-+},
   ISSN = {0092-8674},
   DOI = {ARTN 925.e10
10.1016/j.cell.2018.06.013},
   url = {<Go to ISI>://WOS:000441145500017},
   year = {2018},
   type = {Journal Article}
}

@article{RN75,
   author = {Bowler, P. G. and Duerden, B. I. and Armstrong, D. G.},
   title = {Wound microbiology and associated approaches to wound management},
   journal = {Clin Microbiol Rev},
   volume = {14},
   number = {2},
   pages = {244-69},
   ISSN = {0893-8512 (Print)
0893-8512 (Linking)},
   DOI = {10.1128/CMR.14.2.244-269.2001},
   url = {https://www.ncbi.nlm.nih.gov/pubmed/11292638},
   year = {2001},
   type = {Journal Article}
}

@article{RN175,
   author = {Brister, J. R. and Ako-adjei, D. and Bao, Y. M. and Blinkova, O.},
   title = {NCBI Viral Genomes Resource},
   journal = {Nucleic Acids Research},
   volume = {43},
   number = {D1},
   pages = {D571-D577},
   ISSN = {0305-1048},
   DOI = {10.1093/nar/gku1207},
   url = {<Go to ISI>://WOS:000350210400085},
   year = {2015},
   type = {Journal Article}
}

@article{RN139,
   author = {Burgener, E. B. and Sweere, J. M. and Bach, M. S. and Secor, P. R. and Haddock, N. and Jennings, L. K. and Marvig, R. L. and Johansen, H. K. and Rossi, E. and Cao, X. and Tian, L. and Nedelec, L. and Molin, S. and Bollyky, P. L. and Milla, C. E.},
   title = {Filamentous bacteriophages are associated with chronic Pseudomonas lung infections and antibiotic resistance in cystic fibrosis},
   journal = {Sci Transl Med},
   volume = {11},
   number = {488},
   ISSN = {1946-6242 (Electronic)
1946-6234 (Linking)},
   DOI = {10.1126/scitranslmed.aau9748},
   url = {https://www.ncbi.nlm.nih.gov/pubmed/30996083},
   year = {2019},
   type = {Journal Article}
}

@article{RN73,
   author = {Byrd, A. L. and Belkaid, Y. and Segre, J. A.},
   title = {The human skin microbiome},
   journal = {Nat Rev Microbiol},
   volume = {16},
   number = {3},
   pages = {143-155},
   ISSN = {1740-1534 (Electronic)
1740-1526 (Linking)},
   DOI = {10.1038/nrmicro.2017.157},
   url = {https://www.ncbi.nlm.nih.gov/pubmed/29332945},
   year = {2018},
   type = {Journal Article}
}

@article{RN111,
   author = {Byrd, A. L. and Deming, C. and Cassidy, S. K. B. and Harrison, O. J. and Ng, W. I. and Conlan, S. and Belkaid, Y. and Segre, J. A. and Kong, H. H. and Progra, NISC Comparative Sequencing},
   title = {Staphylococcus aureus and Staphylococcus epidermidis strain diversity underlying pediatric atopic dermatitis},
   journal = {Science Translational Medicine},
   volume = {9},
   number = {397},
   ISSN = {1946-6234},
   DOI = {ARTN eaal4651
10.1126/scitranslmed.aal4651},
   url = {<Go to ISI>://WOS:000404734300004},
   year = {2017},
   type = {Journal Article}
}

@article{RN97,
   author = {Callahan, B. J. and McMurdie, P. J. and Rosen, M. J. and Han, A. W. and Johnson, A. J. and Holmes, S. P.},
   title = {DADA2: High-resolution sample inference from Illumina amplicon data},
   journal = {Nat Methods},
   volume = {13},
   number = {7},
   pages = {581-3},
   ISSN = {1548-7105 (Electronic)
1548-7091 (Linking)},
   DOI = {10.1038/nmeth.3869},
   url = {https://www.ncbi.nlm.nih.gov/pubmed/27214047},
   year = {2016},
   type = {Journal Article}
}

@article{RN27,
   author = {Canesso, M. C. and Vieira, A. T. and Castro, T. B. and Schirmer, B. G. and Cisalpino, D. and Martins, F. S. and Rachid, M. A. and Nicoli, J. R. and Teixeira, M. M. and Barcelos, L. S.},
   title = {Skin wound healing is accelerated and scarless in the absence of commensal microbiota},
   journal = {J Immunol},
   volume = {193},
   number = {10},
   pages = {5171-80},
   ISSN = {1550-6606 (Electronic)
0022-1767 (Linking)},
   DOI = {10.4049/jimmunol.1400625},
   url = {https://www.ncbi.nlm.nih.gov/pubmed/25326026},
   year = {2014},
   type = {Journal Article}
}

@article{RN43,
   author = {Caporaso, J. G. and Bittinger, K. and Bushman, F. D. and DeSantis, T. Z. and Andersen, G. L. and Knight, R.},
   title = {PyNAST: a flexible tool for aligning sequences to a template alignment},
   journal = {Bioinformatics},
   volume = {26},
   number = {2},
   pages = {266-7},
   ISSN = {1367-4811 (Electronic)
1367-4803 (Linking)},
   DOI = {10.1093/bioinformatics/btp636},
   url = {https://www.ncbi.nlm.nih.gov/pubmed/19914921},
   year = {2010},
   type = {Journal Article}
}

@article{RN81,
   author = {Caporaso, J. G. and Kuczynski, J. and Stombaugh, J. and Bittinger, K. and Bushman, F. D. and Costello, E. K. and Fierer, N. and Pena, A. G. and Goodrich, J. K. and Gordon, J. I. and Huttley, G. A. and Kelley, S. T. and Knights, D. and Koenig, J. E. and Ley, R. E. and Lozupone, C. A. and McDonald, D. and Muegge, B. D. and Pirrung, M. and Reeder, J. and Sevinsky, J. R. and Turnbaugh, P. J. and Walters, W. A. and Widmann, J. and Yatsunenko, T. and Zaneveld, J. and Knight, R.},
   title = {QIIME allows analysis of high-throughput community sequencing data},
   journal = {Nat Methods},
   volume = {7},
   number = {5},
   pages = {335-6},
   ISSN = {1548-7105 (Electronic)
1548-7091 (Linking)},
   DOI = {10.1038/nmeth.f.303},
   url = {https://www.ncbi.nlm.nih.gov/pubmed/20383131},
   year = {2010},
   type = {Journal Article}
}

@article{RN60,
   author = {Castelino, M. and Eyre, S. and Moat, J. and Fox, G. and Martin, P. and Ho, P. and Upton, M. and Barton, A.},
   title = {Optimisation of methods for bacterial skin microbiome investigation: primer selection and comparison of the 454 versus MiSeq platform},
   journal = {BMC Microbiol},
   volume = {17},
   number = {1},
   pages = {23},
   ISSN = {1471-2180 (Electronic)
1471-2180 (Linking)},
   DOI = {10.1186/s12866-017-0927-4},
   url = {https://www.ncbi.nlm.nih.gov/pubmed/28109256},
   year = {2017},
   type = {Journal Article}
}

@article{RN92,
   author = {Chakravorty, S. and Helb, D. and Burday, M. and Connell, N. and Alland, D.},
   title = {A detailed analysis of 16S ribosomal RNA gene segments for the diagnosis of pathogenic bacteria},
   journal = {J Microbiol Methods},
   volume = {69},
   number = {2},
   pages = {330-9},
   ISSN = {0167-7012 (Print)
0167-7012 (Linking)},
   DOI = {10.1016/j.mimet.2007.02.005},
   url = {https://www.ncbi.nlm.nih.gov/pubmed/17391789},
   year = {2007},
   type = {Journal Article}
}

@article{RN146,
   author = {Chan, B. K. and Abedon, S. T.},
   title = {Bacteriophages and their Enzymes in Biofilm Control},
   journal = {Current Pharmaceutical Design},
   volume = {21},
   number = {1},
   pages = {85-99},
   ISSN = {1381-6128},
   url = {<Go to ISI>://WOS:000345434600009},
   year = {2015},
   type = {Journal Article}
}

@article{RN190,
   author = {Cheng, S. and Xing, S. and Zhang, X. and Pei, G. and An, X. and Mi, Z. and Huang, Y. and Tong, Y.},
   title = {Complete Genome Sequence of a New Enterococcus faecalis Bacteriophage, vB\_EfaS\_IME197},
   journal = {Genome Announc},
   volume = {4},
   number = {5},
   ISSN = {2169-8287 (Print)},
   DOI = {10.1128/genomeA.00827-16},
   url = {https://www.ncbi.nlm.nih.gov/pubmed/27634987},
   year = {2016},
   type = {Journal Article}
}

@article{RN68,
   author = {Chibani-Chennoufi, S. and Bruttin, A. and Dillmann, M. L. and Brussow, H.},
   title = {Phage-host interaction: an ecological perspective},
   journal = {J Bacteriol},
   volume = {186},
   number = {12},
   pages = {3677-86},
   ISSN = {0021-9193 (Print)
0021-9193 (Linking)},
   DOI = {10.1128/JB.186.12.3677-3686.2004},
   url = {https://www.ncbi.nlm.nih.gov/pubmed/15175280},
   year = {2004},
   type = {Journal Article}
}

@article{RN58,
   author = {Chng, K. R. and Tay, A. S. and Li, C. and Ng, A. H. and Wang, J. and Suri, B. K. and Matta, S. A. and McGovern, N. and Janela, B. and Wong, X. F. and Sio, Y. Y. and Au, B. V. and Wilm, A. and De Sessions, P. F. and Lim, T. C. and Tang, M. B. and Ginhoux, F. and Connolly, J. E. and Lane, E. B. and Chew, F. T. and Common, J. E. and Nagarajan, N.},
   title = {Whole metagenome profiling reveals skin microbiome-dependent susceptibility to atopic dermatitis flare},
   journal = {Nat Microbiol},
   volume = {1},
   number = {9},
   pages = {16106},
   ISSN = {2058-5276 (Electronic)
2058-5276 (Linking)},
   DOI = {10.1038/nmicrobiol.2016.106},
   url = {https://www.ncbi.nlm.nih.gov/pubmed/27562258},
   year = {2016},
   type = {Journal Article}
}

@article{RN160,
   author = {Choi, J. D. and Kotay, S. M. and Goel, R.},
   title = {Various physico-chemical stress factors cause prophage induction in Nitrosospira multiformis 25196-an ammonia oxidizing bacteria},
   journal = {Water Research},
   volume = {44},
   number = {15},
   pages = {4550-4558},
   ISSN = {0043-1354},
   DOI = {10.1016/j.watres.2010.04.040},
   url = {<Go to ISI>://WOS:000281176200023},
   year = {2010},
   type = {Journal Article}
}

@article{RN124,
   author = {Citorik, R. J. and Mimee, M. and Lu, T. K.},
   title = {Bacteriophage-based synthetic biology for the study of infectious diseases},
   journal = {Current Opinion in Microbiology},
   volume = {19},
   pages = {59-69},
   ISSN = {1369-5274},
   DOI = {10.1016/j.mib.2014.05.022},
   url = {<Go to ISI>://WOS:000340984200011},
   year = {2014},
   type = {Journal Article}
}

@article{RN168,
   author = {Clokie, M. R. and Millard, A. D. and Letarov, A. V. and Heaphy, S.},
   title = {Phages in nature},
   journal = {Bacteriophage},
   volume = {1},
   number = {1},
   pages = {31-45},
   ISSN = {2159-7073 (Print)
2159-7073 (Linking)},
   DOI = {10.4161/bact.1.1.14942},
   url = {https://www.ncbi.nlm.nih.gov/pubmed/21687533},
   year = {2011},
   type = {Journal Article}
}

@article{RN165,
   author = {Costello, E. K. and Lauber, C. L. and Hamady, M. and Fierer, N. and Gordon, J. I. and Knight, R.},
   title = {Bacterial Community Variation in Human Body Habitats Across Space and Time},
   journal = {Science},
   volume = {326},
   number = {5960},
   pages = {1694-1697},
   ISSN = {0036-8075},
   DOI = {10.1126/science.1177486},
   url = {<Go to ISI>://WOS:000272839000053},
   year = {2009},
   type = {Journal Article}
}

@article{RN108,
   author = {Craft, N. and Li, H.},
   title = {Response to the commentaries on the paper: Propionibacterium acnes strain populations in the human skin microbiome associated with acne},
   journal = {J Invest Dermatol},
   volume = {133},
   number = {9},
   pages = {2295-7},
   ISSN = {1523-1747 (Electronic)
0022-202X (Linking)},
   DOI = {10.1038/jid.2013.275},
   url = {https://www.ncbi.nlm.nih.gov/pubmed/23774528},
   year = {2013},
   type = {Journal Article}
}

@article{RN185,
   author = {Daniel, A. and Bonnen, P. E. and Fischetti, V. A.},
   title = {First complete genome sequence of two Staphylococcus epidermidis bacteriophages},
   journal = {Journal of Bacteriology},
   volume = {189},
   number = {5},
   pages = {2086-2100},
   ISSN = {0021-9193},
   DOI = {10.1128/Jb.01637-06},
   url = {<Go to ISI>://WOS:000244462800065},
   year = {2007},
   type = {Journal Article}
}

@article{RN123,
   author = {Danovaro, R. and Corinaldesi, C. and Dell'Anno, A. and Fuhrman, J. A. and Middelburg, J. J. and Noble, R. T. and Suttle, C. A.},
   title = {Marine viruses and global climate change},
   journal = {Fems Microbiology Reviews},
   volume = {35},
   number = {6},
   pages = {993-1034},
   ISSN = {0168-6445},
   DOI = {10.1111/j.1574-6976.2010.00258.x},
   url = {<Go to ISI>://WOS:000295530200001},
   year = {2011},
   type = {Journal Article}
}

@article{RN169,
   author = {Davila-Ramos, S. and Castelan-Sanchez, H. G. and Martinez-Avila, L. and Sanchez-Carbente, M. D. R. and Peralta, R. and Hernandez-Mendoza, A. and Dobson, A. D. W. and Gonzalez, R. A. and Pastor, N. and Batista-Garcia, R. A.},
   title = {A Review on Viral Metagenomics in Extreme Environments},
   journal = {Front Microbiol},
   volume = {10},
   pages = {2403},
   ISSN = {1664-302X (Print)
1664-302X (Linking)},
   DOI = {10.3389/fmicb.2019.02403},
   url = {https://www.ncbi.nlm.nih.gov/pubmed/31749771},
   year = {2019},
   type = {Journal Article}
}

@article{RN177,
   author = {Davis, N. M. and Proctor, D. M. and Holmes, S. P. and Relman, D. A. and Callahan, B. J.},
   title = {Simple statistical identification and removal of contaminant sequences in marker-gene and metagenomics data},
   journal = {Microbiome},
   volume = {6},
   ISSN = {2049-2618},
   DOI = {ARTN 226
10.1186/s40168-018-0605-2},
   url = {<Go to ISI>://WOS:000453627300001},
   year = {2018},
   type = {Journal Article}
}

@article{RN184,
   author = {Deghorain, M. and Bobay, L. M. and Smeesters, P. R. and Bousbata, S. and Vermeersch, M. and Perez-Morga, D. and Dreze, P. A. and Rocha, E. P. C. and Touchon, M. and Van Melderen, L.},
   title = {Characterization of Novel Phages Isolated in Coagulase-Negative Staphylococci Reveals Evolutionary Relationships with Staphylococcus aureus Phages},
   journal = {Journal of Bacteriology},
   volume = {194},
   number = {21},
   pages = {5829-5839},
   ISSN = {0021-9193},
   DOI = {10.1128/Jb.01085-12},
   url = {<Go to ISI>://WOS:000309990800011},
   year = {2012},
   type = {Journal Article}
}

@article{RN193,
   author = {Deghorain, M. and Van Melderen, L.},
   title = {The Staphylococci Phages Family: An Overview},
   journal = {Viruses-Basel},
   volume = {4},
   number = {12},
   pages = {3316-3335},
   ISSN = {1999-4915},
   DOI = {10.3390/v4123316},
   url = {<Go to ISI>://WOS:000314401700004},
   year = {2012},
   type = {Journal Article}
}

@article{RN182,
   author = {Depardieu, F. and Didier, J. P. and Bernheim, A. and Sherlock, A. and Molina, H. and Duclos, B. and Bikard, D.},
   title = {A Eukaryotic-like Serine/Threonine Kinase Protects Staphylococci against Phages},
   journal = {Cell Host \& Microbe},
   volume = {20},
   number = {4},
   pages = {471-481},
   ISSN = {1931-3128},
   DOI = {10.1016/j.chom.2016.08.010},
   url = {<Go to ISI>://WOS:000389471300012},
   year = {2016},
   type = {Journal Article}
}

@article{RN10,
   author = {Dowd, S. E. and Sun, Y. and Secor, P. R. and Rhoads, D. D. and Wolcott, B. M. and James, G. A. and Wolcott, R. D.},
   title = {Survey of bacterial diversity in chronic wounds using pyrosequencing, DGGE, and full ribosome shotgun sequencing},
   journal = {BMC Microbiol},
   volume = {8},
   pages = {43},
   ISSN = {1471-2180 (Electronic)
1471-2180 (Linking)},
   DOI = {10.1186/1471-2180-8-43},
   url = {https://www.ncbi.nlm.nih.gov/pubmed/18325110},
   year = {2008},
   type = {Journal Article}
}

@article{RN152,
   author = {Dunyach-Remy, C. and Ngba Essebe, C. and Sotto, A. and Lavigne, J. P.},
   title = {Staphylococcus aureus Toxins and Diabetic Foot Ulcers: Role in Pathogenesis and Interest in Diagnosis},
   journal = {Toxins (Basel)},
   volume = {8},
   number = {7},
   ISSN = {2072-6651 (Electronic)
2072-6651 (Linking)},
   DOI = {10.3390/toxins8070209},
   url = {https://www.ncbi.nlm.nih.gov/pubmed/27399775},
   year = {2016},
   type = {Journal Article}
}

@article{RN70,
   author = {Eisenhofer, R. and Minich, J. J. and Marotz, C. and Cooper, A. and Knight, R. and Weyrich, L. S.},
   title = {Contamination in Low Microbial Biomass Microbiome Studies: Issues and Recommendations},
   journal = {Trends Microbiol},
   volume = {27},
   number = {2},
   pages = {105-117},
   ISSN = {1878-4380 (Electronic)
0966-842X (Linking)},
   DOI = {10.1016/j.tim.2018.11.003},
   url = {https://www.ncbi.nlm.nih.gov/pubmed/30497919},
   year = {2019},
   type = {Journal Article}
}

@article{RN64,
   author = {Ekblom, R. and Wolf, J. B.},
   title = {A field guide to whole-genome sequencing, assembly and annotation},
   journal = {Evol Appl},
   volume = {7},
   number = {9},
   pages = {1026-42},
   ISSN = {1752-4571 (Print)
1752-4571 (Linking)},
   DOI = {10.1111/eva.12178},
   url = {https://www.ncbi.nlm.nih.gov/pubmed/25553065},
   year = {2014},
   type = {Journal Article}
}

@article{RN107,
   author = {Fahlen, A. and Engstrand, L. and Baker, B. S. and Powles, A. and Fry, L.},
   title = {Comparison of bacterial microbiota in skin biopsies from normal and psoriatic skin},
   journal = {Archives of Dermatological Research},
   volume = {304},
   number = {1},
   pages = {15-22},
   ISSN = {0340-3696},
   DOI = {10.1007/s00403-011-1189-x},
   url = {<Go to ISI>://WOS:000303405200003},
   year = {2012},
   type = {Journal Article}
}

@article{RN147,
   author = {Fan, X. Y. and Li, W. and Zheng, F. and Xie, J. P.},
   title = {Bacteriophage Inspired Antibiotics Discovery against Infection Involved Biofilm},
   journal = {Critical Reviews in Eukaryotic Gene Expression},
   volume = {23},
   number = {4},
   pages = {317-326},
   ISSN = {1045-4403},
   url = {<Go to ISI>://WOS:000327166800004},
   year = {2013},
   type = {Journal Article}
}

@article{RN109,
   author = {Fitz-Gibbon, S. and Tomida, S. and Chiu, B. H. and Nguyen, L. and Du, C. and Liu, M. and Elashoff, D. and Erfe, M. C. and Loncaric, A. and Kim, J. and Modlin, R. L. and Miller, J. F. and Sodergren, E. and Craft, N. and Weinstock, G. M. and Li, H.},
   title = {Propionibacterium acnes strain populations in the human skin microbiome associated with acne},
   journal = {J Invest Dermatol},
   volume = {133},
   number = {9},
   pages = {2152-60},
   ISSN = {1523-1747 (Electronic)
0022-202X (Linking)},
   DOI = {10.1038/jid.2013.21},
   url = {https://www.ncbi.nlm.nih.gov/pubmed/23337890},
   year = {2013},
   type = {Journal Article}
}

@article{RN55,
   author = {Foulongne, V. and Sauvage, V. and Hebert, C. and Dereure, O. and Cheval, J. and Gouilh, M. A. and Pariente, K. and Segondy, M. and Burguiere, A. and Manuguerra, J. C. and Caro, V. and Eloit, M.},
   title = {Human skin microbiota: high diversity of DNA viruses identified on the human skin by high throughput sequencing},
   journal = {PLoS One},
   volume = {7},
   number = {6},
   pages = {e38499},
   ISSN = {1932-6203 (Electronic)
1932-6203 (Linking)},
   DOI = {10.1371/journal.pone.0038499},
   url = {https://www.ncbi.nlm.nih.gov/pubmed/22723863},
   year = {2012},
   type = {Journal Article}
}

@article{RN9,
   author = {Gardiner, M. and Vicaretti, M. and Sparks, J. and Bansal, S. and Bush, S. and Liu, M. and Darling, A. and Harry, E. and Burke, C. M.},
   title = {A longitudinal study of the diabetic skin and wound microbiome},
   journal = {PeerJ},
   volume = {5},
   pages = {e3543},
   ISSN = {2167-8359 (Print)
2167-8359 (Linking)},
   DOI = {10.7717/peerj.3543},
   url = {https://www.ncbi.nlm.nih.gov/pubmed/28740749},
   year = {2017},
   type = {Journal Article}
}

@article{RN167,
   author = {Gardner, S. E. and Hillis, S. L. and Heilmann, K. and Segre, J. A. and Grice, E. A.},
   title = {The Neuropathic Diabetic Foot Ulcer Microbiome Is Associated With Clinical Factors},
   journal = {Diabetes},
   volume = {62},
   number = {3},
   pages = {923-930},
   ISSN = {0012-1797},
   DOI = {10.2337/db12-0771},
   url = {<Go to ISI>://WOS:000315556400036},
   year = {2013},
   type = {Journal Article}
}

@article{RN142,
   author = {Garmaeva, S. and Sinha, T. and Kurilshikov, A. and Fu, J. Y. and Wijmenga, C. and Zhernakova, A.},
   title = {Studying the gut virome in the metagenomic era: challenges and perspectives},
   journal = {Bmc Biology},
   volume = {17},
   number = {1},
   DOI = {ARTN 84
10.1186/s12915-019-0704-y},
   url = {<Go to ISI>://WOS:000506833300002},
   year = {2019},
   type = {Journal Article}
}

@article{RN61,
   author = {Gerasimidis, K. and Bertz, M. and Quince, C. and Brunner, K. and Bruce, A. and Combet, E. and Calus, S. and Loman, N. and Ijaz, U. Z.},
   title = {The effect of DNA extraction methodology on gut microbiota research applications},
   journal = {BMC Res Notes},
   volume = {9},
   pages = {365},
   ISSN = {1756-0500 (Electronic)
1756-0500 (Linking)},
   DOI = {10.1186/s13104-016-2171-7},
   url = {https://www.ncbi.nlm.nih.gov/pubmed/27456340},
   year = {2016},
   type = {Journal Article}
}

@article{RN106,
   author = {Gest, H.},
   title = {The discovery of microorganisms by Robert Hooke and Antoni Van Leeuwenhoek, fellows of the Royal Society},
   journal = {Notes and Records of the Royal Society of London},
   volume = {58},
   number = {2},
   pages = {187-201},
   ISSN = {0035-9149},
   DOI = {10.1098/rsnr.2004.0055},
   url = {<Go to ISI>://WOS:000221760100005},
   year = {2004},
   type = {Journal Article}
}

@article{RN52,
   author = {Gilbert, J. A. and Blaser, M. J. and Caporaso, J. G. and Jansson, J. K. and Lynch, S. V. and Knight, R.},
   title = {Current understanding of the human microbiome},
   journal = {Nat Med},
   volume = {24},
   number = {4},
   pages = {392-400},
   ISSN = {1546-170X (Electronic)
1078-8956 (Linking)},
   DOI = {10.1038/nm.4517},
   url = {https://www.ncbi.nlm.nih.gov/pubmed/29634682},
   year = {2018},
   type = {Journal Article}
}

@article{RN26,
   author = {Gjodsbol, K. and Skindersoe, M. E. and Christensen, J. J. and Karlsmark, T. and Jorgensen, B. and Jensen, A. M. and Klein, B. M. and Sonnested, M. K. and Krogfelt, K. A.},
   title = {No need for biopsies: comparison of three sample techniques for wound microbiota determination},
   journal = {International Wound Journal},
   volume = {9},
   number = {3},
   pages = {295-302},
   ISSN = {1742-4801},
   DOI = {10.1111/j.1742-481X.2011.00883.x},
   url = {<Go to ISI>://WOS:000303854300011},
   year = {2012},
   type = {Journal Article}
}

@article{RN148,
   author = {Gomaa, S. and Serry, F. and Abdellatif, H. and Abbas, H.},
   title = {Elimination of multidrug-resistant Proteus mirabilis biofilms using bacteriophages},
   journal = {Archives of Virology},
   volume = {164},
   number = {9},
   pages = {2265-2275},
   ISSN = {0304-8608},
   DOI = {10.1007/s00705-019-04305-x},
   url = {<Go to ISI>://WOS:000478756900005},
   year = {2019},
   type = {Journal Article}
}

@article{RN36,
   author = {Grice, E. A. and Kong, H. H. and Conlan, S. and Deming, C. B. and Davis, J. and Young, A. C. and Program, Nisc Comparative Sequencing and Bouffard, G. G. and Blakesley, R. W. and Murray, P. R. and Green, E. D. and Turner, M. L. and Segre, J. A.},
   title = {Topographical and temporal diversity of the human skin microbiome},
   journal = {Science},
   volume = {324},
   number = {5931},
   pages = {1190-2},
   ISSN = {1095-9203 (Electronic)
0036-8075 (Linking)},
   DOI = {10.1126/science.1171700},
   url = {https://www.ncbi.nlm.nih.gov/pubmed/19478181},
   year = {2009},
   type = {Journal Article}
}

@article{RN59,
   author = {Grice, E. A. and Kong, H. H. and Renaud, G. and Young, A. C. and Program, Nisc Comparative Sequencing and Bouffard, G. G. and Blakesley, R. W. and Wolfsberg, T. G. and Turner, M. L. and Segre, J. A.},
   title = {A diversity profile of the human skin microbiota},
   journal = {Genome Res},
   volume = {18},
   number = {7},
   pages = {1043-50},
   ISSN = {1088-9051 (Print)
1088-9051 (Linking)},
   DOI = {10.1101/gr.075549.107},
   url = {https://www.ncbi.nlm.nih.gov/pubmed/18502944},
   year = {2008},
   type = {Journal Article}
}

@article{RN72,
   author = {Grice, E. A. and Segre, J. A.},
   title = {The skin microbiome},
   journal = {Nat Rev Microbiol},
   volume = {9},
   number = {4},
   pages = {244-53},
   ISSN = {1740-1534 (Electronic)
1740-1526 (Linking)},
   DOI = {10.1038/nrmicro2537},
   url = {https://www.ncbi.nlm.nih.gov/pubmed/21407241},
   year = {2011},
   type = {Journal Article}
}

@article{RN25,
   author = {Grice, E. A. and Snitkin, E. S. and Yockey, L. J. and Bermudez, D. M. and Program, Nisc Comparative Sequencing and Liechty, K. W. and Segre, J. A.},
   title = {Longitudinal shift in diabetic wound microbiota correlates with prolonged skin defense response},
   journal = {Proc Natl Acad Sci U S A},
   volume = {107},
   number = {33},
   pages = {14799-804},
   ISSN = {1091-6490 (Electronic)
0027-8424 (Linking)},
   DOI = {10.1073/pnas.1004204107},
   url = {https://www.ncbi.nlm.nih.gov/pubmed/20668241},
   year = {2010},
   type = {Journal Article}
}

@article{RN186,
   author = {Gutierrez, D. and Martinez, B. and Rodriguez, A. and Garcia, P.},
   title = {Genomic characterization of two Staphylococcus epidermidis bacteriophages with anti-biofilm potential},
   journal = {Bmc Genomics},
   volume = {13},
   ISSN = {1471-2164},
   DOI = {Artn 228
10.1186/1471-2164-13-228},
   url = {<Go to ISI>://WOS:000311517200001},
   year = {2012},
   type = {Journal Article}
}

@article{RN24,
   author = {Halstead, F. D. and Lee, K. C. and Kwei, J. and Dretzke, J. and Oppenheim, B. A. and Moiemen, N. S.},
   title = {A systematic review of quantitative burn wound microbiology in the management of burns patients},
   journal = {Burns},
   volume = {44},
   number = {1},
   pages = {39-56},
   ISSN = {0305-4179},
   DOI = {10.1016/j.burns.2017.06.008},
   url = {<Go to ISI>://WOS:000422665600006},
   year = {2018},
   type = {Journal Article}
}

@article{RN31,
   author = {Han, G. and Ceilley, R.},
   title = {Chronic Wound Healing: A Review of Current Management and Treatments},
   journal = {Adv Ther},
   volume = {34},
   number = {3},
   pages = {599-610},
   ISSN = {1865-8652 (Electronic)
0741-238X (Linking)},
   DOI = {10.1007/s12325-017-0478-y},
   url = {https://www.ncbi.nlm.nih.gov/pubmed/28108895},
   year = {2017},
   type = {Journal Article}
}

@article{RN56,
   author = {Hannigan, G. D. and Meisel, J. S. and Tyldsley, A. S. and Zheng, Q. and Hodkinson, B. P. and SanMiguel, A. J. and Minot, S. and Bushman, F. D. and Grice, E. A.},
   title = {The human skin double-stranded DNA virome: topographical and temporal diversity, genetic enrichment, and dynamic associations with the host microbiome},
   journal = {MBio},
   volume = {6},
   number = {5},
   pages = {e01578-15},
   ISSN = {2150-7511 (Electronic)},
   DOI = {10.1128/mBio.01578-15},
   url = {https://www.ncbi.nlm.nih.gov/pubmed/26489866},
   year = {2015},
   type = {Journal Article}
}

@article{RN23,
   author = {Holmes, C. J. and Plichta, J. K. and Gamelli, R. L. and Radek, K. A.},
   title = {Dynamic Role of Host Stress Responses in Modulating the Cutaneous Microbiome: Implications for Wound Healing and Infection},
   journal = {Adv Wound Care (New Rochelle)},
   volume = {4},
   number = {1},
   pages = {24-37},
   ISSN = {2162-1918 (Print)
2162-1918 (Linking)},
   DOI = {10.1089/wound.2014.0546},
   url = {https://www.ncbi.nlm.nih.gov/pubmed/25566412},
   year = {2015},
   type = {Journal Article}
}

@article{RN30,
   author = {Hoppe, I. C. and Granick, M. S.},
   title = {Debridement of chronic wounds: a qualitative systematic review of randomized controlled trials},
   journal = {Clin Plast Surg},
   volume = {39},
   number = {3},
   pages = {221-8},
   ISSN = {1558-0504 (Electronic)
0094-1298 (Linking)},
   DOI = {10.1016/j.cps.2012.04.001},
   url = {https://www.ncbi.nlm.nih.gov/pubmed/22732371},
   year = {2012},
   type = {Journal Article}
}

@article{RN151,
   author = {Howard-Varona, C. and Hargreaves, K. R. and Abedon, S. T. and Sullivan, M. B.},
   title = {Lysogeny in nature: mechanisms, impact and ecology of temperate phages},
   journal = {ISME J},
   volume = {11},
   number = {7},
   pages = {1511-1520},
   ISSN = {1751-7370 (Electronic)
1751-7362 (Linking)},
   DOI = {10.1038/ismej.2017.16},
   url = {https://www.ncbi.nlm.nih.gov/pubmed/28291233},
   year = {2017},
   type = {Journal Article}
}

@article{RN188,
   author = {Iandolo, J. J. and Worrell, V. and Groicher, K. H. and Qian, Y. D. and Tian, R. Y. and Kenton, S. and Dorman, A. and Ji, H. G. and Lin, S. P. and Loh, P. and Qi, S. L. and Zhu, H. and Roe, B. A.},
   title = {Comparative analysis of the genomes of the temperate bacteriophages phi 11, phi 12 and phi 13 of Staphylococcus aureus 8325},
   journal = {Gene},
   volume = {289},
   number = {1-2},
   pages = {109-118},
   ISSN = {0378-1119},
   DOI = {Pii S0378-1119(02)00481-X
Doi 10.1016/S0378-1119(02)00481-X},
   url = {<Go to ISI>://WOS:000177867000013},
   year = {2002},
   type = {Journal Article}
}

@article{RN50,
   author = {James, G. A. and Ge Zhao, A. and Usui, M. and Underwood, R. A. and Nguyen, H. and Beyenal, H. and deLancey Pulcini, E. and Agostinho Hunt, A. and Bernstein, H. C. and Fleckman, P. and Olerud, J. and Williamson, K. S. and Franklin, M. J. and Stewart, P. S.},
   title = {Microsensor and transcriptomic signatures of oxygen depletion in biofilms associated with chronic wounds},
   journal = {Wound Repair Regen},
   volume = {24},
   number = {2},
   pages = {373-83},
   ISSN = {1524-475X (Electronic)
1067-1927 (Linking)},
   DOI = {10.1111/wrr.12401},
   url = {https://www.ncbi.nlm.nih.gov/pubmed/26748963},
   year = {2016},
   type = {Journal Article}
}

@article{RN90,
   author = {Janda, J. M. and Abbott, S. L.},
   title = {16S rRNA gene sequencing for bacterial identification in the diagnostic laboratory: pluses, perils, and pitfalls},
   journal = {J Clin Microbiol},
   volume = {45},
   number = {9},
   pages = {2761-4},
   ISSN = {0095-1137 (Print)
0095-1137 (Linking)},
   DOI = {10.1128/JCM.01228-07},
   url = {https://www.ncbi.nlm.nih.gov/pubmed/17626177},
   year = {2007},
   type = {Journal Article}
}

@article{RN118,
   author = {Janek, D. and Zipperer, A. and Kulik, A. and Krismer, B. and Peschel, A.},
   title = {High Frequency and Diversity of Antimicrobial Activities Produced by Nasal Staphylococcus Strains against Bacterial Competitors},
   journal = {Plos Pathogens},
   volume = {12},
   number = {8},
   ISSN = {1553-7366},
   DOI = {ARTN e1005812
10.1371/journal.ppat.1005812},
   url = {<Go to ISI>://WOS:000383376000042},
   year = {2016},
   type = {Journal Article}
}

@article{RN69,
   author = {Jeong, H. and Kim, H. J. and Lee, S. J.},
   title = {Complete Genome Sequence of Escherichia coli Strain BL21},
   journal = {Genome Announc},
   volume = {3},
   number = {2},
   ISSN = {2169-8287 (Print)},
   DOI = {10.1128/genomeA.00134-15},
   url = {https://www.ncbi.nlm.nih.gov/pubmed/25792055},
   year = {2015},
   type = {Journal Article}
}

@article{RN22,
   author = {Jneid, J. and Cassir, N. and Schuldiner, S. and Jourdan, N. and Sotto, A. and Lavigne, J. P. and La Scola, B.},
   title = {Exploring the Microbiota of Diabetic Foot Infections With Culturomics},
   journal = {Front Cell Infect Microbiol},
   volume = {8},
   pages = {282},
   ISSN = {2235-2988 (Electronic)
2235-2988 (Linking)},
   DOI = {10.3389/fcimb.2018.00282},
   url = {https://www.ncbi.nlm.nih.gov/pubmed/30155447},
   year = {2018},
   type = {Journal Article}
}

@article{RN98,
   author = {Johnson, J. S. and Spakowicz, D. J. and Hong, B. Y. and Petersen, L. M. and Demkowicz, P. and Chen, L. and Leopold, S. R. and Hanson, B. M. and Agresta, H. O. and Gerstein, M. and Sodergren, E. and Weinstock, G. M.},
   title = {Evaluation of 16S rRNA gene sequencing for species and strain-level microbiome analysis},
   journal = {Nat Commun},
   volume = {10},
   number = {1},
   pages = {5029},
   ISSN = {2041-1723 (Electronic)
2041-1723 (Linking)},
   DOI = {10.1038/s41467-019-13036-1},
   url = {https://www.ncbi.nlm.nih.gov/pubmed/31695033},
   year = {2019},
   type = {Journal Article}
}

@article{RN21,
   author = {Johnson, T. R. and Gomez, B. I. and McIntyre, M. K. and Dubick, M. A. and Christy, R. J. and Nicholson, S. E. and Burmeister, D. M.},
   title = {The Cutaneous Microbiome and Wounds: New Molecular Targets to Promote Wound Healing},
   journal = {Int J Mol Sci},
   volume = {19},
   number = {9},
   ISSN = {1422-0067 (Electronic)
1422-0067 (Linking)},
   DOI = {10.3390/ijms19092699},
   url = {https://www.ncbi.nlm.nih.gov/pubmed/30208569},
   year = {2018},
   type = {Journal Article}
}

@article{RN20,
   author = {Kalan, L. and Grice, E. A.},
   title = {Fungi in the Wound Microbiome},
   journal = {Adv Wound Care (New Rochelle)},
   volume = {7},
   number = {7},
   pages = {247-255},
   ISSN = {2162-1918 (Print)
2162-1918 (Linking)},
   DOI = {10.1089/wound.2017.0756},
   url = {https://www.ncbi.nlm.nih.gov/pubmed/29984114},
   year = {2018},
   type = {Journal Article}
}

@article{RN19,
   author = {Kalan, L. and Loesche, M. and Hodkinson, B. P. and Heilmann, K. and Ruthel, G. and Gardner, S. E. and Grice, E. A.},
   title = {Redefining the Chronic-Wound Microbiome: Fungal Communities Are Prevalent, Dynamic, and Associated with Delayed Healing},
   journal = {MBio},
   volume = {7},
   number = {5},
   ISSN = {2150-7511 (Electronic)},
   DOI = {10.1128/mBio.01058-16},
   url = {https://www.ncbi.nlm.nih.gov/pubmed/27601572},
   year = {2016},
   type = {Journal Article}
}

@article{RN8,
   author = {Kalan, L. R. and Meisel, J. S. and Loesche, M. A. and Horwinski, J. and Soaita, I. and Chen, X. and Uberoi, A. and Gardner, S. E. and Grice, E. A.},
   title = {Strain- and Species-Level Variation in the Microbiome of Diabetic Wounds Is Associated with Clinical Outcomes and Therapeutic Efficacy},
   journal = {Cell Host Microbe},
   volume = {25},
   number = {5},
   pages = {641-655 e5},
   ISSN = {1934-6069 (Electronic)
1931-3128 (Linking)},
   DOI = {10.1016/j.chom.2019.03.006},
   url = {https://www.ncbi.nlm.nih.gov/pubmed/31006638},
   year = {2019},
   type = {Journal Article}
}

@article{RN192,
   author = {Kaneko, J. and Narita-Yamada, S. and Wakabayashi, Y. and Kamio, Y.},
   title = {Identification of ORF636 in Phage phi SLT Carrying Panton-Valentine Leukocidin Genes, Acting as an Adhesion Protein for a Poly(Glycerophosphate) Chain of Lipoteichoic Acid on the Cell Surface of Staphylococcus aureus},
   journal = {Journal of Bacteriology},
   volume = {191},
   number = {14},
   pages = {4674-4680},
   ISSN = {0021-9193},
   DOI = {10.1128/Jb.01793-08},
   url = {<Go to ISI>://WOS:000267372900022},
   year = {2009},
   type = {Journal Article}
}

@article{RN122,
   author = {Keen, E. C.},
   title = {A century of phage research: Bacteriophages and the shaping of modern biology},
   journal = {Bioessays},
   volume = {37},
   number = {1},
   pages = {6-9},
   ISSN = {0265-9247},
   DOI = {10.1002/bies.201400152},
   url = {<Go to ISI>://WOS:000346488000004},
   year = {2015},
   type = {Journal Article}
}

@article{RN66,
   author = {Kleiner, M. and Hooper, L. V. and Duerkop, B. A.},
   title = {Evaluation of methods to purify virus-like particles for metagenomic sequencing of intestinal viromes},
   journal = {BMC Genomics},
   volume = {16},
   pages = {7},
   ISSN = {1471-2164 (Electronic)
1471-2164 (Linking)},
   DOI = {10.1186/s12864-014-1207-4},
   url = {https://www.ncbi.nlm.nih.gov/pubmed/25608871},
   year = {2015},
   type = {Journal Article}
}

@article{RN103,
   author = {Knierim, E. and Lucke, B. and Schwarz, J. M. and Schuelke, M. and Seelow, D.},
   title = {Systematic Comparison of Three Methods for Fragmentation of Long-Range PCR Products for Next Generation Sequencing},
   journal = {Plos One},
   volume = {6},
   number = {11},
   ISSN = {1932-6203},
   DOI = {ARTN e28240
10.1371/journal.pone.0028240},
   url = {<Go to ISI>://WOS:000298168100057},
   year = {2011},
   type = {Journal Article}
}

@article{RN101,
   author = {Knight, R. and Jansson, J. and Field, D. and Fierer, N. and Desai, N. and Fuhrman, J. A. and Hugenholtz, P. and van der Lelie, D. and Meyer, F. and Stevens, R. and Bailey, M. J. and Gordon, J. I. and Kowalchuk, G. A. and Gilbert, J. A.},
   title = {Unlocking the potential of metagenomics through replicated experimental design},
   journal = {Nature Biotechnology},
   volume = {30},
   number = {6},
   pages = {513-520},
   ISSN = {1087-0156},
   DOI = {10.1038/nbt.2235},
   url = {<Go to ISI>://WOS:000305158600021},
   year = {2012},
   type = {Journal Article}
}

@article{RN57,
   author = {Kong, H. H.},
   title = {Details Matter: Designing Skin Microbiome Studies},
   journal = {J Invest Dermatol},
   volume = {136},
   number = {5},
   pages = {900-902},
   ISSN = {1523-1747 (Electronic)
0022-202X (Linking)},
   DOI = {10.1016/j.jid.2016.03.004},
   url = {https://www.ncbi.nlm.nih.gov/pubmed/27107375},
   year = {2016},
   type = {Journal Article}
}

@article{RN79,
   author = {Krishnamurthy, S. R. and Wang, D.},
   title = {Origins and challenges of viral dark matter},
   journal = {Virus Res},
   volume = {239},
   pages = {136-142},
   ISSN = {1872-7492 (Electronic)
0168-1702 (Linking)},
   DOI = {10.1016/j.virusres.2017.02.002},
   url = {https://www.ncbi.nlm.nih.gov/pubmed/28192164},
   year = {2017},
   type = {Journal Article}
}

@article{RN164,
   author = {Langille, M. G. I. and Zaneveld, J. and Caporaso, J. G. and McDonald, D. and Knights, D. and Reyes, J. A. and Clemente, J. C. and Burkepile, D. E. and Thurber, R. L. V. and Knight, R. and Beiko, R. G. and Huttenhower, C.},
   title = {Predictive functional profiling of microbial communities using 16S rRNA marker gene sequences},
   journal = {Nature Biotechnology},
   volume = {31},
   number = {9},
   pages = {814-+},
   ISSN = {1087-0156},
   DOI = {10.1038/nbt.2676},
   url = {<Go to ISI>://WOS:000324306300021},
   year = {2013},
   type = {Journal Article}
}

@article{RN85,
   author = {Langmead, B. and Salzberg, S. L.},
   title = {Fast gapped-read alignment with Bowtie 2},
   journal = {Nat Methods},
   volume = {9},
   number = {4},
   pages = {357-9},
   ISSN = {1548-7105 (Electronic)
1548-7091 (Linking)},
   DOI = {10.1038/nmeth.1923},
   url = {https://www.ncbi.nlm.nih.gov/pubmed/22388286},
   year = {2012},
   type = {Journal Article}
}

@article{RN5,
   author = {Leaper, D. and Assadian, O. and Edmiston, C. E.},
   title = {Approach to chronic wound infections},
   journal = {Br J Dermatol},
   volume = {173},
   number = {2},
   pages = {351-8},
   ISSN = {1365-2133 (Electronic)
0007-0963 (Linking)},
   DOI = {10.1111/bjd.13677},
   url = {https://www.ncbi.nlm.nih.gov/pubmed/25772951},
   year = {2015},
   type = {Journal Article}
}

@article{RN33,
   author = {Lee, J. and Sison-Mangus, M.},
   title = {A Bayesian Semiparametric Regression Model for Joint Analysis of Microbiome Data},
   journal = {Front Microbiol},
   volume = {9},
   pages = {522},
   ISSN = {1664-302X (Print)
1664-302X (Linking)},
   DOI = {10.3389/fmicb.2018.00522},
   url = {https://www.ncbi.nlm.nih.gov/pubmed/29632519},
   year = {2018},
   type = {Journal Article}
}

@article{RN37,
   author = {Levine, N. S. and Lindberg, R. B. and Mason, A. D., Jr. and Pruitt, B. A., Jr.},
   title = {The quantitative swab culture and smear: A quick, simple method for determining the number of viable aerobic bacteria on open wounds},
   journal = {J Trauma},
   volume = {16},
   number = {2},
   pages = {89-94},
   ISSN = {0022-5282 (Print)
0022-5282 (Linking)},
   url = {https://www.ncbi.nlm.nih.gov/pubmed/1255833},
   year = {1976},
   type = {Journal Article}
}

@article{RN129,
   author = {Lima-Mendez, G. and Toussaint, A. and Leplae, R.},
   title = {A modular view of the bacteriophage genomic space: identification of host and lifestyle marker modules},
   journal = {Research in Microbiology},
   volume = {162},
   number = {8},
   pages = {737-746},
   ISSN = {0923-2508},
   DOI = {10.1016/j.resmic.2011.06.006},
   url = {<Go to ISI>://WOS:000296179700001},
   year = {2011},
   type = {Journal Article}
}

@article{RN18,
   author = {Liu, S. H. and Huang, Y. C. and Chen, L. Y. and Yu, S. C. and Yu, H. Y. and Chuang, S. S.},
   title = {The skin microbiome of wound scars and unaffected skin in patients with moderate to severe burns in the subacute phase},
   journal = {Wound Repair Regen},
   volume = {26},
   number = {2},
   pages = {182-191},
   ISSN = {1524-475X (Electronic)
1067-1927 (Linking)},
   DOI = {10.1111/wrr.12632},
   url = {https://www.ncbi.nlm.nih.gov/pubmed/29663582},
   year = {2018},
   type = {Journal Article}
}

@article{RN53,
   author = {Lloyd-Price, J. and Abu-Ali, G. and Huttenhower, C.},
   title = {The healthy human microbiome},
   journal = {Genome Med},
   volume = {8},
   number = {1},
   pages = {51},
   ISSN = {1756-994X (Electronic)
1756-994X (Linking)},
   DOI = {10.1186/s13073-016-0307-y},
   url = {https://www.ncbi.nlm.nih.gov/pubmed/27122046},
   year = {2016},
   type = {Journal Article}
}

@article{RN7,
   author = {Loesche, M. and Gardner, S. E. and Kalan, L. and Horwinski, J. and Zheng, Q. and Hodkinson, B. P. and Tyldsley, A. S. and Franciscus, C. L. and Hillis, S. L. and Mehta, S. and Margolis, D. J. and Grice, E. A.},
   title = {Temporal Stability in Chronic Wound Microbiota Is Associated With Poor Healing},
   journal = {J Invest Dermatol},
   volume = {137},
   number = {1},
   pages = {237-244},
   ISSN = {1523-1747 (Electronic)
0022-202X (Linking)},
   DOI = {10.1016/j.jid.2016.08.009},
   url = {https://www.ncbi.nlm.nih.gov/pubmed/27566400},
   year = {2017},
   type = {Journal Article}
}

@article{RN39,
   author = {Londahl, M. and Katzman, P. and Nilsson, A. and Hammarlund, C.},
   title = {Hyperbaric oxygen therapy facilitates healing of chronic foot ulcers in patients with diabetes},
   journal = {Diabetes Care},
   volume = {33},
   number = {5},
   pages = {998-1003},
   ISSN = {1935-5548 (Electronic)
0149-5992 (Linking)},
   DOI = {10.2337/dc09-1754},
   url = {https://www.ncbi.nlm.nih.gov/pubmed/20427683},
   year = {2010},
   type = {Journal Article}
}

@article{RN159,
   author = {Lopez, E. and Domenech, A. and Ferrandiz, M. J. and Frias, M. J. and Ardanuy, C. and Ramirez, M. and Garcia, E. and Linares, J. and de la Campa, A. G.},
   title = {Induction of Prophages by Fluoroquinolones in Streptococcus pneumoniae: Implications for Emergence of Resistance in Genetically-Related Clones},
   journal = {Plos One},
   volume = {9},
   number = {4},
   ISSN = {1932-6203},
   DOI = {ARTN e94358
10.1371/journal.pone.0094358},
   url = {<Go to ISI>://WOS:000334339000110},
   year = {2014},
   type = {Journal Article}
}

@article{RN32,
   author = {Love, M. I. and Huber, W. and Anders, S.},
   title = {Moderated estimation of fold change and dispersion for RNA-seq data with DESeq2},
   journal = {Genome Biol},
   volume = {15},
   number = {12},
   pages = {550},
   ISSN = {1474-760X (Electronic)
1474-7596 (Linking)},
   DOI = {10.1186/s13059-014-0550-8},
   url = {https://www.ncbi.nlm.nih.gov/pubmed/25516281},
   year = {2014},
   type = {Journal Article}
}

@article{RN173,
   author = {Lu, J. and Breitwieser, F. P. and Thielen, P. and Salzberg, S. L.},
   title = {Bracken: estimating species abundance in metagenomics data},
   journal = {Peerj Computer Science},
   ISSN = {2376-5992},
   DOI = {ARTN e104
10.7717/peerj-cs.104},
   url = {<Go to ISI>://WOS:000425411300002},
   year = {2017},
   type = {Journal Article}
}

@article{RN54,
   author = {Manrique, P. and Bolduc, B. and Walk, S. T. and van der Oost, J. and de Vos, W. M. and Young, M. J.},
   title = {Healthy human gut phageome},
   journal = {Proc Natl Acad Sci U S A},
   volume = {113},
   number = {37},
   pages = {10400-5},
   ISSN = {1091-6490 (Electronic)
0027-8424 (Linking)},
   DOI = {10.1073/pnas.1601060113},
   url = {https://www.ncbi.nlm.nih.gov/pubmed/27573828},
   year = {2016},
   type = {Journal Article}
}

@article{RN183,
   author = {Mariem, B. J. J. and Ito, T. and Zhang, M. and Jin, J. X. and Li, S. S. and Ilhem, B. B. and Adnan, H. and Han, X. and Hiramatsu, K.},
   title = {Molecular characterization of methicillin-resistant Panton-valentine leukocidin positive staphylococcus aureus clones disseminating in Tunisian hospitals and in the community},
   journal = {Bmc Microbiology},
   volume = {13},
   ISSN = {1471-2180},
   DOI = {Artn 2
10.1186/1471-2180-13-2},
   url = {<Go to ISI>://WOS:000313585300001},
   year = {2013},
   type = {Journal Article}
}


@article{RN3,
   author = {Martinengo, L. and Olsson, M. and Bajpai, R. and Soljak, M. and Upton, Z. and Schmidtchen, A. and Car, J. and Jarbrink, K.},
   title = {Prevalence of chronic wounds in the general population: systematic review and meta-analysis of observational studies},
   journal = {Ann Epidemiol},
   volume = {29},
   pages = {8-15},
   ISSN = {1873-2585 (Electronic)
1047-2797 (Linking)},
   DOI = {10.1016/j.annepidem.2018.10.005},
   url = {https://www.ncbi.nlm.nih.gov/pubmed/30497932},
   year = {2019},
   type = {Journal Article}
}

@article{RN176,
   author = {Masella, A. P. and Bartram, A. K. and Truszkowski, J. M. and Brown, D. G. and Neufeld, J. D.},
   title = {PANDAseq: PAired-eND Assembler for Illumina sequences},
   journal = {Bmc Bioinformatics},
   volume = {13},
   ISSN = {1471-2105},
   DOI = {Artn 31
10.1186/1471-2105-13-31},
   url = {<Go to ISI>://WOS:000302303200001},
   year = {2012},
   type = {Journal Article}
}

@article{RN44,
   author = {McDonald, D. and Clemente, J. C. and Kuczynski, J. and Rideout, J. R. and Stombaugh, J. and Wendel, D. and Wilke, A. and Huse, S. and Hufnagle, J. and Meyer, F. and Knight, R. and Caporaso, J. G.},
   title = {The Biological Observation Matrix (BIOM) format or: how I learned to stop worrying and love the ome-ome},
   journal = {Gigascience},
   volume = {1},
   number = {1},
   pages = {7},
   ISSN = {2047-217X (Print)
2047-217X (Linking)},
   DOI = {10.1186/2047-217X-1-7},
   url = {https://www.ncbi.nlm.nih.gov/pubmed/23587224},
   year = {2012},
   type = {Journal Article}
}

@article{RN110,
   author = {McDowell, A. and Nagy, I. and Magyari, M. and Barnard, E. and Patrick, S.},
   title = {The Opportunistic Pathogen Propionibacterium acnes: Insights into Typing, Human Disease, Clonal Diversification and CAMP Factor Evolution},
   journal = {Plos One},
   volume = {8},
   number = {9},
   ISSN = {1932-6203},
   DOI = {ARTN e70897
10.1371/journal.pone.0070897},
   url = {<Go to ISI>://WOS:000324408400001},
   year = {2013},
   type = {Journal Article}
}

@article{RN45,
   author = {McMurdie, P. J. and Holmes, S.},
   title = {phyloseq: an R package for reproducible interactive analysis and graphics of microbiome census data},
   journal = {PLoS One},
   volume = {8},
   number = {4},
   pages = {e61217},
   ISSN = {1932-6203 (Electronic)
1932-6203 (Linking)},
   DOI = {10.1371/journal.pone.0061217},
   url = {https://www.ncbi.nlm.nih.gov/pubmed/23630581},
   year = {2013},
   type = {Journal Article}
}

@article{RN170,
   author = {Meisel, J. and Hannigan, G. D. and Tyldsley, A. and SanMiguel, A. J. and Hodkinson, B. P. and Zheng, Q. and Grice, E. A.},
   title = {Skin microbiome characterizations are biased by sequencing approach},
   journal = {Journal of Investigative Dermatology},
   volume = {135},
   pages = {S95-S95},
   ISSN = {0022-202x},
   url = {<Go to ISI>://WOS:000352783200554},
   year = {2015},
   type = {Journal Article}
}

@article{RN17,
   author = {Misic, A. M. and Gardner, S. E. and Grice, E. A.},
   title = {The Wound Microbiome: Modern Approaches to Examining the Role of Microorganisms in Impaired Chronic Wound Healing},
   journal = {Adv Wound Care (New Rochelle)},
   volume = {3},
   number = {7},
   pages = {502-510},
   ISSN = {2162-1918 (Print)
2162-1918 (Linking)},
   DOI = {10.1089/wound.2012.0397},
   url = {https://www.ncbi.nlm.nih.gov/pubmed/25032070},
   year = {2014},
   type = {Journal Article}
}

@article{RN191,
   author = {Mohamed, D. H. and Saberesheikh, S. and Kearns, A. M. and Saunders, N. A.},
   title = {Putative link between Staphylococcus aureus bacteriophage serotype and community association},
   journal = {International Journal of Medical Microbiology},
   volume = {302},
   number = {3},
   pages = {135-144},
   ISSN = {1438-4221},
   DOI = {10.1016/j.ijmm.2012.02.002},
   url = {<Go to ISI>://WOS:000307611900003},
   year = {2012},
   type = {Journal Article}
}

@article{RN49,
   author = {Morgan, S. J. and Lippman, S. I. and Bautista, G. E. and Harrison, J. J. and Harding, C. L. and Gallagher, L. A. and Cheng, A. C. and Siehnel, R. and Ravishankar, S. and Usui, M. L. and Olerud, J. E. and Fleckman, P. and Wolcott, R. D. and Manoil, C. and Singh, P. K.},
   title = {Bacterial fitness in chronic wounds appears to be mediated by the capacity for high-density growth, not virulence or biofilm functions},
   journal = {PLoS Pathog},
   volume = {15},
   number = {3},
   pages = {e1007511},
   ISSN = {1553-7374 (Electronic)
1553-7366 (Linking)},
   DOI = {10.1371/journal.ppat.1007511},
   url = {https://www.ncbi.nlm.nih.gov/pubmed/30893371},
   year = {2019},
   type = {Journal Article}
}

@article{RN136,
   author = {Naccache, S. N. and Federman, S. and Veeraraghavan, N. and Zaharia, M. and Lee, D. and Samayoa, E. and Bouquet, J. and Greninger, A. L. and Luk, K. C. and Enge, B. and Wadford, D. A. and Messenger, S. L. and Genrich, G. L. and Pellegrino, K. and Grard, G. and Leroy, E. and Schneider, B. S. and Fair, J. N. and Martinez, M. A. and Isa, P. and Crump, J. A. and DeRisi, J. L. and Sittler, T. and Hackett, J., Jr. and Miller, S. and Chiu, C. Y.},
   title = {A cloud-compatible bioinformatics pipeline for ultrarapid pathogen identification from next-generation sequencing of clinical samples},
   journal = {Genome Res},
   volume = {24},
   number = {7},
   pages = {1180-92},
   ISSN = {1549-5469 (Electronic)
1088-9051 (Linking)},
   DOI = {10.1101/gr.171934.113},
   url = {https://www.ncbi.nlm.nih.gov/pubmed/24899342},
   year = {2014},
   type = {Journal Article}
}

@article{RN120,
   author = {Nagy, I. and Pivarcsi, A. and Kis, K. and Koreck, A. and Bodai, L. and McDowell, A. and Seltmann, H. and Patrick, S. and Zouboulis, C. C. and Kemeny, L.},
   title = {Propionibacterium acnes and lipopolysaccharide induce the expression of antimicrobial peptides and proinflammatory cytokines/chemokines in human sebocytes},
   journal = {Microbes and Infection},
   volume = {8},
   number = {8},
   pages = {2195-2205},
   ISSN = {1286-4579},
   DOI = {10.1016/j.micinf.2006.04.001},
   url = {<Go to ISI>://WOS:000241115100026},
   year = {2006},
   type = {Journal Article}
}

@article{RN121,
   author = {Naik, S. and Bouladoux, N. and Linehan, J. L. and Han, S. J. and Harrison, O. J. and Wilhelm, C. and Conlan, S. and Himmelfarb, S. and Byrd, A. L. and Deming, C. and Quinones, M. and Brenchley, J. M. and Kong, H. H. and Tussiwand, R. and Murphy, K. M. and Merad, M. and Segre, J. A. and Belkaid, Y.},
   title = {Commensal-dendritic-cell interaction specifies a unique protective skin immune signature},
   journal = {Nature},
   volume = {520},
   number = {7545},
   pages = {104-8},
   ISSN = {1476-4687 (Electronic)
0028-0836 (Linking)},
   DOI = {10.1038/nature14052},
   url = {https://www.ncbi.nlm.nih.gov/pubmed/25539086},
   year = {2015},
   type = {Journal Article}
}

@article{RN119,
   author = {Naik, S. and Bouladoux, N. and Wilhelm, C. and Molloy, M. J. and Salcedo, R. and Kastenmuller, W. and Deming, C. and Quinones, M. and Koo, L. and Conlan, S. and Spencer, S. and Hall, J. A. and Dzutsev, A. and Kong, H. and Campbell, D. J. and Trinchieri, G. and Segre, J. A. and Belkaid, Y.},
   title = {Compartmentalized Control of Skin Immunity by Resident Commensals},
   journal = {Science},
   volume = {337},
   number = {6098},
   pages = {1115-1119},
   ISSN = {0036-8075},
   DOI = {DOI 10.1126/science.1225152},
   url = {<Go to ISI>://WOS:000308125800053},
   year = {2012},
   type = {Journal Article}
}

@article{RN115,
   author = {Nakatsuji, T. and Chen, T. H. and Narala, S. and Chun, K. A. and Two, A. M. and Yun, T. and Shafiq, F. and Kotol, P. F. and Bouslimani, A. and Melnik, A. V. and Latif, H. and Kim, J. N. and Lockhart, A. and Artis, K. and David, G. and Taylor, P. and Streib, J. and Dorrestein, P. C. and Grier, A. and Gill, S. R. and Zengler, K. and Hata, T. R. and Leung, D. Y. M. and Gallo, R. L.},
   title = {Antimicrobials from human skin commensal bacteria protect against Staphylococcus aureus and are deficient in atopic dermatitis},
   journal = {Science Translational Medicine},
   volume = {9},
   number = {378},
   ISSN = {1946-6234},
   DOI = {ARTN eaah4680
10.1126/scitranslmed.aah4680},
   url = {<Go to ISI>://WOS:000395751100002},
   year = {2017},
   type = {Journal Article}
}

@article{RN157,
   author = {Nanda, A. M. and Heyer, A. and Kramer, C. and Grunberger, A. and Kohlheyer, D. and Frunzke, J.},
   title = {Analysis of SOS-Induced Spontaneous Prophage Induction in Corynebacterium glutamicum at the Single-Cell Level},
   journal = {Journal of Bacteriology},
   volume = {196},
   number = {1},
   pages = {180-188},
   ISSN = {0021-9193},
   DOI = {10.1128/Jb.01018-13},
   url = {<Go to ISI>://WOS:000331792600019},
   year = {2014},
   type = {Journal Article}
}

@article{RN161,
   author = {Nanda, A. M. and Thormann, K. and Frunzke, J.},
   title = {Impact of Spontaneous Prophage Induction on the Fitness of Bacterial Populations and Host-Microbe Interactions},
   journal = {Journal of Bacteriology},
   volume = {197},
   number = {3},
   pages = {410-419},
   ISSN = {0021-9193},
   DOI = {10.1128/Jb.02230-14},
   url = {<Go to ISI>://WOS:000347676800002},
   year = {2015},
   type = {Journal Article}
}

@article{RN194,
   author = {Nelson, D. and Schuch, R. and Zhu, S. and Tscherne, D. M. and Fischetti, V. A.},
   title = {Genomic sequence of C1, the first streptococcal phage},
   journal = {J Bacteriol},
   volume = {185},
   number = {11},
   pages = {3325-32},
   ISSN = {0021-9193 (Print)
0021-9193 (Linking)},
   DOI = {10.1128/jb.185.11.3325-3332.2003},
   url = {https://www.ncbi.nlm.nih.gov/pubmed/12754230},
   year = {2003},
   type = {Journal Article}
}

@article{RN141,
   author = {Nooij, S. and Schmitz, D. and Vennema, H. and Kroneman, A. and Koopmans, M. P. G.},
   title = {Overview of Virus Metagenomic Classification Methods and Their Biological Applications},
   journal = {Frontiers in Microbiology},
   volume = {9},
   ISSN = {1664-302x},
   DOI = {ARTN 749
10.3389/fmicb.2018.00749},
   url = {<Go to ISI>://WOS:000430557300001},
   year = {2018},
   type = {Journal Article}
}

@article{RN140,
   author = {Norman, J. M. and Handley, S. A. and Baldridge, M. T. and Droit, L. and Liu, C. Y. and Keller, B. C. and Kambal, A. and Monaco, C. L. and Zhao, G. and Fleshner, P. and Stappenbeck, T. S. and McGovern, D. P. and Keshavarzian, A. and Mutlu, E. A. and Sauk, J. and Gevers, D. and Xavier, R. J. and Wang, D. and Parkes, M. and Virgin, H. W.},
   title = {Disease-specific alterations in the enteric virome in inflammatory bowel disease},
   journal = {Cell},
   volume = {160},
   number = {3},
   pages = {447-60},
   ISSN = {1097-4172 (Electronic)
0092-8674 (Linking)},
   DOI = {10.1016/j.cell.2015.01.002},
   url = {https://www.ncbi.nlm.nih.gov/pubmed/25619688},
   year = {2015},
   type = {Journal Article}
}

@article{RN174,
   author = {O'Leary, N. A. and Wright, M. W. and Brister, J. R. and Ciufo, S. and McVeigh, D. H. R. and Rajput, B. and Robbertse, B. and Smith-White, B. and Ako-Adjei, D. and Astashyn, A. and Badretdin, A. and Bao, Y. M. and Blinkova, O. and Brover, V. and Chetvernin, V. and Choi, J. and Cox, E. and Ermolaeva, O. and Farrell, C. M. and Goldfarb, T. and Gupta, T. and Haft, D. and Hatcher, E. and Hlavina, W. and Joardar, V. S. and Kodali, V. K. and Li, W. J. and Maglott, D. and Masterson, P. and McGarvey, K. M. and Murphy, M. R. and O'Neill, K. and Pujar, S. and Rangwala, S. H. and Rausch, D. and Riddick, L. D. and Schoch, C. and Shkeda, A. and Storz, S. S. and Sun, H. Z. and Thibaud-Nissen, F. and Tolstoy, I. and Tully, R. E. and Vatsan, A. R. and Wallin, C. and Webb, D. and Wu, W. and Landrum, M. J. and Kimchi, A. and Tatusova, T. and DiCuccio, M. and Kitts, P. and Murphy, T. D. and Pruitt, K. D.},
   title = {Reference sequence (RefSeq) database at NCBI: current status, taxonomic expansion, and functional annotation},
   journal = {Nucleic Acids Research},
   volume = {44},
   number = {D1},
   pages = {D733-D745},
   ISSN = {0305-1048},
   DOI = {10.1093/nar/gkv1189},
   url = {<Go to ISI>://WOS:000484575500002},
   year = {2016},
   type = {Journal Article}
}

@article{RN156,
   author = {Obeng, N. and Pratama, A. A. and van Elsas, J. D.},
   title = {The Significance of Mutualistic Phages for bacterial Ecology and Evolution},
   journal = {Trends in Microbiology},
   volume = {24},
   number = {6},
   pages = {440-449},
   ISSN = {0966-842x},
   DOI = {10.1016/j.tim.2015.12.009},
   url = {<Go to ISI>://WOS:000376703200005},
   year = {2016},
   type = {Journal Article}
}

@article{RN166,
   author = {Oh, J. and Byrd, A. L. and Park, M. and Kong, H. H. and Segre, J. A. and Sequencing, NISC Comparative},
   title = {Temporal Stability of the Human Skin Microbiome},
   journal = {Cell},
   volume = {165},
   number = {4},
   pages = {854-866},
   ISSN = {0092-8674},
   DOI = {10.1016/j.cell.2016.04.008},
   url = {<Go to ISI>://WOS:000375800300014},
   year = {2016},
   type = {Journal Article}
}

@article{RN2,
   author = {Olsson, M. and Jarbrink, K. and Divakar, U. and Bajpai, R. and Upton, Z. and Schmidtchen, A. and Car, J.},
   title = {The humanistic and economic burden of chronic wounds: A systematic review},
   journal = {Wound Repair Regen},
   volume = {27},
   number = {1},
   pages = {114-125},
   ISSN = {1524-475X (Electronic)
1067-1927 (Linking)},
   DOI = {10.1111/wrr.12683},
   url = {https://www.ncbi.nlm.nih.gov/pubmed/30362646},
   year = {2019},
   type = {Journal Article}
}

@article{RN78,
   author = {Paez-Espino, D. and Chen, I. A. and Palaniappan, K. and Ratner, A. and Chu, K. and Szeto, E. and Pillay, M. and Huang, J. and Markowitz, V. M. and Nielsen, T. and Huntemann, M. and TB, K. Reddy and Pavlopoulos, G. A. and Sullivan, M. B. and Campbell, B. J. and Chen, F. and McMahon, K. and Hallam, S. J. and Denef, V. and Cavicchioli, R. and Caffrey, S. M. and Streit, W. R. and Webster, J. and Handley, K. M. and Salekdeh, G. H. and Tsesmetzis, N. and Setubal, J. C. and Pope, P. B. and Liu, W. T. and Rivers, A. R. and Ivanova, N. N. and Kyrpides, N. C.},
   title = {IMG/VR: a database of cultured and uncultured DNA Viruses and retroviruses},
   journal = {Nucleic Acids Res},
   volume = {45},
   number = {D1},
   pages = {D457-D465},
   ISSN = {1362-4962 (Electronic)
0305-1048 (Linking)},
   DOI = {10.1093/nar/gkw1030},
   url = {https://www.ncbi.nlm.nih.gov/pubmed/27799466},
   year = {2017},
   type = {Journal Article}
}

@article{RN154,
   author = {Paez-Espino, D. and Pavlopoulos, G. A. and Ivanova, N. N. and Kyrpides, N. C.},
   title = {Nontargeted virus sequence discovery pipeline and virus clustering for metagenomic data},
   journal = {Nature Protocols},
   volume = {12},
   number = {8},
   pages = {1673-1682},
   ISSN = {1754-2189},
   DOI = {10.1038/nprot.2017.063},
   url = {<Go to ISI>://WOS:000406408200001},
   year = {2017},
   type = {Journal Article}
}

@article{RN137,
   author = {Paez-Espino, D. and Roux, S. and Chen, I. A. and Palaniappan, K. and Ratner, A. and Chu, K. and Huntemann, M. and Reddy, T. B. K. and Pons, J. C. and Llabres, M. and Eloe-Fadrosh, E. A. and Ivanova, N. N. and Kyrpides, N. C.},
   title = {IMG/VR v.2.0: an integrated data management and analysis system for cultivated and environmental viral genomes},
   journal = {Nucleic Acids Res},
   volume = {47},
   number = {D1},
   pages = {D678-D686},
   ISSN = {1362-4962 (Electronic)
0305-1048 (Linking)},
   DOI = {10.1093/nar/gky1127},
   url = {https://www.ncbi.nlm.nih.gov/pubmed/30407573},
   year = {2019},
   type = {Journal Article}
}

@article{RN91,
   author = {Patel, J. B.},
   title = {16S rRNA gene sequencing for bacterial pathogen identification in the clinical laboratory},
   journal = {Mol Diagn},
   volume = {6},
   number = {4},
   pages = {313-21},
   ISSN = {1084-8592 (Print)
1084-8592 (Linking)},
   DOI = {10.1054/modi.2001.29158},
   url = {https://www.ncbi.nlm.nih.gov/pubmed/11774196},
   year = {2001},
   type = {Journal Article}
}

@article{RN100,
   author = {Pereira-Marques, J. and Hout, A. and Ferreira, R. M. and Weber, M. and Pinto-Ribeiro, I. and van Doorn, L. J. and Knetsch, C. W. and Figueiredo, C.},
   title = {Impact of Host DNA and Sequencing Depth on the Taxonomic Resolution of Whole Metagenome Sequencing for Microbiome Analysis},
   journal = {Front Microbiol},
   volume = {10},
   pages = {1277},
   ISSN = {1664-302X (Print)
1664-302X (Linking)},
   DOI = {10.3389/fmicb.2019.01277},
   url = {https://www.ncbi.nlm.nih.gov/pubmed/31244801},
   year = {2019},
   type = {Journal Article}
}

@article{RN16,
   author = {Phalak, P. and Henson, M. A.},
   title = {Metabolic modelling of chronic wound microbiota predicts mutualistic interactions that drive community composition},
   journal = {J Appl Microbiol},
   ISSN = {1365-2672 (Electronic)
1364-5072 (Linking)},
   DOI = {10.1111/jam.14421},
   url = {https://www.ncbi.nlm.nih.gov/pubmed/31436369},
   year = {2019},
   type = {Journal Article}
}

@article{RN104,
   author = {Poptsova, M. S. and Il'icheva, I. A. and Nechipurenko, D. Y. and Panchenko, L. A. and Khodikov, M. V. and Oparina, N. Y. and Polozov, R. V. and Nechipurenko, Y. D. and Grokhovsky, S. L.},
   title = {Non-random DNA fragmentation in next-generation sequencing},
   journal = {Scientific Reports},
   volume = {4},
   ISSN = {2045-2322},
   DOI = {ARTN 4532
10.1038/srep04532},
   url = {<Go to ISI>://WOS:000333516400007},
   year = {2014},
   type = {Journal Article}
}

@article{RN15,
   author = {Price, L. B. and Liu, C. M. and Frankel, Y. M. and Melendez, J. H. and Aziz, M. and Buchhagen, J. and Contente-Cuomo, T. and Engelthaler, D. M. and Keim, P. S. and Ravel, J. and Lazarus, G. S. and Zenilman, J. M.},
   title = {Macroscale spatial variation in chronic wound microbiota: a cross-sectional study},
   journal = {Wound Repair Regen},
   volume = {19},
   number = {1},
   pages = {80-8},
   ISSN = {1524-475X (Electronic)
1067-1927 (Linking)},
   DOI = {10.1111/j.1524-475X.2010.00628.x},
   url = {https://www.ncbi.nlm.nih.gov/pubmed/20946140},
   year = {2011},
   type = {Journal Article}
}

@article{RN14,
   author = {Price, L. B. and Liu, C. M. and Melendez, J. H. and Frankel, Y. M. and Engelthaler, D. and Aziz, M. and Bowers, J. and Rattray, R. and Ravel, J. and Kingsley, C. and Keim, P. S. and Lazarus, G. S. and Zenilman, J. M.},
   title = {Community analysis of chronic wound bacteria using 16S rRNA gene-based pyrosequencing: impact of diabetes and antibiotics on chronic wound microbiota},
   journal = {PLoS One},
   volume = {4},
   number = {7},
   pages = {e6462},
   ISSN = {1932-6203 (Electronic)
1932-6203 (Linking)},
   DOI = {10.1371/journal.pone.0006462},
   url = {https://www.ncbi.nlm.nih.gov/pubmed/19649281},
   year = {2009},
   type = {Journal Article}
}

@article{RN35,
   author = {Quast, C. and Pruesse, E. and Yilmaz, P. and Gerken, J. and Schweer, T. and Yarza, P. and Peplies, J. and Glockner, F. O.},
   title = {The SILVA ribosomal RNA gene database project: improved data processing and web-based tools},
   journal = {Nucleic Acids Res},
   volume = {41},
   number = {Database issue},
   pages = {D590-6},
   ISSN = {1362-4962 (Electronic)
0305-1048 (Linking)},
   DOI = {10.1093/nar/gks1219},
   url = {https://www.ncbi.nlm.nih.gov/pubmed/23193283},
   year = {2013},
   type = {Journal Article}
}

@article{RN13,
   author = {Rahim, K. and Saleha, S. and Zhu, X. D. and Huo, L. and Basit, A. and Franco, O. L.},
   title = {Bacterial Contribution in Chronicity of Wounds},
   journal = {Microbial Ecology},
   volume = {73},
   number = {3},
   pages = {710-721},
   ISSN = {0095-3628},
   DOI = {10.1007/s00248-016-0867-9},
   url = {<Go to ISI>://WOS:000397940000019},
   year = {2017},
   type = {Journal Article}
}

@article{RN116,
   author = {Ramsey, M. M. and Freire, M. O. and Gabrilska, R. A. and Rumbaugh, K. P. and Lemon, K. P.},
   title = {Staphylococcus aureus Shifts toward Commensalism in Response to Corynebacterium Species},
   journal = {Frontiers in Microbiology},
   volume = {7},
   ISSN = {1664-302x},
   DOI = {ARTN 1230
10.3389/fmicb.2016.01230},
   url = {<Go to ISI>://WOS:000381549100001},
   year = {2016},
   type = {Journal Article}
}

@article{RN125,
   author = {Rappe, M. S. and Giovannoni, S. J.},
   title = {The uncultured microbial majority},
   journal = {Annual Review of Microbiology},
   volume = {57},
   pages = {369-394},
   ISSN = {0066-4227},
   DOI = {10.1146/annurev.micro.57.030502.090759},
   url = {<Go to ISI>://WOS:000186493700017},
   year = {2003},
   type = {Journal Article}
}

@article{RN134,
   author = {Ren, J. and Ahlgren, N. A. and Lu, Y. Y. and Fuhrman, J. A. and Sun, F. Z.},
   title = {VirFinder: a novel k-mer based tool for identifying viral sequences from assembled metagenomic data},
   journal = {Microbiome},
   volume = {5},
   ISSN = {2049-2618},
   DOI = {ARTN 69
10.1186/s40168-017-0283-5},
   url = {<Go to ISI>://WOS:000404874400002},
   year = {2017},
   type = {Journal Article}
}

@article{RN131,
   author = {Reyes, A. and Haynes, M. and Hanson, N. and Angly, F. E. and Heath, A. C. and Rohwer, F. and Gordon, J. I.},
   title = {Viruses in the faecal microbiota of monozygotic twins and their mothers},
   journal = {Nature},
   volume = {466},
   number = {7304},
   pages = {334-U81},
   ISSN = {0028-0836},
   DOI = {10.1038/nature09199},
   url = {<Go to ISI>://WOS:000279867100041},
   year = {2010},
   type = {Journal Article}
}

@article{RN63,
   author = {Reyes, A. and Semenkovich, N. P. and Whiteson, K. and Rohwer, F. and Gordon, J. I.},
   title = {Going viral: next-generation sequencing applied to phage populations in the human gut},
   journal = {Nat Rev Microbiol},
   volume = {10},
   number = {9},
   pages = {607-17},
   ISSN = {1740-1534 (Electronic)
1740-1526 (Linking)},
   DOI = {10.1038/nrmicro2853},
   url = {https://www.ncbi.nlm.nih.gov/pubmed/22864264},
   year = {2012},
   type = {Journal Article}
}

@article{RN197,
   author = {Rinke, C. and Low, S. and Woodcroft, B. and Raina, J. B. and Skarshewski, A. and Le, X. Y. H. and Butler, M. K. and Stocker, R. and Seymour, J. and Tyson, G. W. and Hugenholtz, P.},
   title = {Validation of picogram- and femtogram-input DNA libraries for microscale metagenomics},
   journal = {Peerj},
   volume = {4},
   ISSN = {2167-8359},
   DOI = {ARTN e2486
10.7717/peerj.2486},
   url = {<Go to ISI>://WOS:000384147300005},
   year = {2016},
   type = {Journal Article}
}

@article{RN38,
   author = {Rodrigues, M. and Kosaric, N. and Bonham, C. A. and Gurtner, G. C.},
   title = {Wound Healing: A Cellular Perspective},
   journal = {Physiological Reviews},
   volume = {99},
   number = {1},
   pages = {665-706},
   ISSN = {0031-9333},
   DOI = {10.1152/physrev.00067.2017},
   url = {<Go to ISI>://WOS:000455899500013},
   year = {2019},
   type = {Journal Article}
}

@article{RN127,
   author = {Rose, R. and Constantinides, B. and Tapinos, A. and Robertson, D. L. and Prosperi, M.},
   title = {Challenges in the analysis of viral metagenomes},
   journal = {Virus Evolution},
   volume = {2},
   number = {2},
   ISSN = {2057-1577},
   DOI = {UNSP vew022
10.1093/ve/vew022},
   url = {<Go to ISI>://WOS:000399950900004},
   year = {2016},
   type = {Journal Article}
}

@article{RN133,
   author = {Roux, S. and Enault, F. and Hurwitz, B. L. and Sullivan, M. B.},
   title = {VirSorter: mining viral signal from microbial genomic data},
   journal = {Peerj},
   volume = {3},
   ISSN = {2167-8359},
   DOI = {ARTN e985
10.7717/peerj.985},
   url = {<Go to ISI>://WOS:000356346300005},
   year = {2015},
   type = {Journal Article}
}

@article{RN80,
   author = {Roux, S. and Hallam, S. J. and Woyke, T. and Sullivan, M. B.},
   title = {Viral dark matter and virus-host interactions resolved from publicly available microbial genomes},
   journal = {Elife},
   volume = {4},
   ISSN = {2050-084X (Electronic)
2050-084X (Linking)},
   DOI = {10.7554/eLife.08490},
   url = {https://www.ncbi.nlm.nih.gov/pubmed/26200428},
   year = {2015},
   type = {Journal Article}
}

@article{RN135,
   author = {Roux, S. and Tournayre, J. and Mahul, A. and Debroas, D. and Enault, F.},
   title = {Metavir 2: new tools for viral metagenome comparison and assembled virome analysis},
   journal = {Bmc Bioinformatics},
   volume = {15},
   ISSN = {1471-2105},
   DOI = {Artn 76
10.1186/1471-2105-15-76},
   url = {<Go to ISI>://WOS:000335347300001},
   year = {2014},
   type = {Journal Article}
}

@article{RN1,
   author = {Saha, R. and Verbanic, S. and Chen, I. A.},
   title = {Lipid vesicles chaperone an encapsulated RNA aptamer},
   journal = {Nat Commun},
   volume = {9},
   number = {1},
   pages = {2313},
   ISSN = {2041-1723 (Electronic)
2041-1723 (Linking)},
   DOI = {10.1038/s41467-018-04783-8},
   url = {https://www.ncbi.nlm.nih.gov/pubmed/29899431},
   year = {2018},
   type = {Journal Article}
}

@article{RN71,
   author = {Salter, S. J. and Cox, M. J. and Turek, E. M. and Calus, S. T. and Cookson, W. O. and Moffatt, M. F. and Turner, P. and Parkhill, J. and Loman, N. J. and Walker, A. W.},
   title = {Reagent and laboratory contamination can critically impact sequence-based microbiome analyses},
   journal = {BMC Biol},
   volume = {12},
   pages = {87},
   ISSN = {1741-7007 (Electronic)
1741-7007 (Linking)},
   DOI = {10.1186/s12915-014-0087-z},
   url = {https://www.ncbi.nlm.nih.gov/pubmed/25387460},
   year = {2014},
   type = {Journal Article}
}

@article{RN12,
   author = {Sanchez-Sanchez, M. and Cruz-Pulido, W. L. and Bladinieres-Camara, E. and Alcala-Duran, R. and Rivera-Sanchez, G. and Bocanegra-Garcia, V.},
   title = {Bacterial Prevalence and Antibiotic Resistance in Clinical Isolates of Diabetic Foot Ulcers in the Northeast of Tamaulipas, Mexico},
   journal = {Int J Low Extrem Wounds},
   volume = {16},
   number = {2},
   pages = {129-134},
   ISSN = {1552-6941 (Electronic)
1534-7346 (Linking)},
   DOI = {10.1177/1534734617705254},
   url = {https://www.ncbi.nlm.nih.gov/pubmed/28682727},
   year = {2017},
   type = {Journal Article}
}

@article{RN105,
   author = {Sato, M. P. and Ogura, Y. and Nakamura, K. and Nishida, R. and Gotoh, Y. and Hayashi, M. and Hisatsune, J. and Sugai, M. and Takehiko, I. and Hayashi, T.},
   title = {Comparison of the sequencing bias of currently available library preparation kits for Illumina sequencing of bacterial genomes and metagenomes},
   journal = {DNA Research},
   volume = {26},
   number = {5},
   pages = {391-398},
   ISSN = {1340-2838},
   DOI = {10.1093/dnares/dsz017},
   url = {<Go to ISI>://WOS:000509391000002},
   year = {2019},
   type = {Journal Article}
}

@article{RN11,
   author = {Scales, B. S. and Huffnagle, G. B.},
   title = {The microbiome in wound repair and tissue fibrosis},
   journal = {J Pathol},
   volume = {229},
   number = {2},
   pages = {323-31},
   ISSN = {1096-9896 (Electronic)
0022-3417 (Linking)},
   DOI = {10.1002/path.4118},
   url = {https://www.ncbi.nlm.nih.gov/pubmed/23042513},
   year = {2013},
   type = {Journal Article}
}

@article{RN96,
   author = {Schloss, P. D. and Westcott, S. L. and Ryabin, T. and Hall, J. R. and Hartmann, M. and Hollister, E. B. and Lesniewski, R. A. and Oakley, B. B. and Parks, D. H. and Robinson, C. J. and Sahl, J. W. and Stres, B. and Thallinger, G. G. and Van Horn, D. J. and Weber, C. F.},
   title = {Introducing mothur: open-source, platform-independent, community-supported software for describing and comparing microbial communities},
   journal = {Appl Environ Microbiol},
   volume = {75},
   number = {23},
   pages = {7537-41},
   ISSN = {1098-5336 (Electronic)
0099-2240 (Linking)},
   DOI = {10.1128/AEM.01541-09},
   url = {https://www.ncbi.nlm.nih.gov/pubmed/19801464},
   year = {2009},
   type = {Journal Article}
}

@article{RN95,
   author = {Schoch, C. L. and Seifert, K. A. and Huhndorf, S. and Robert, V. and Spouge, J. L. and Levesque, C. A. and Chen, W. and Bolchacova, E. and Voigt, K. and Crous, P. W. and Miller, A. N. and Wingfield, M. J. and Aime, M. C. and An, K. D. and Bai, F. Y. and Barreto, R. W. and Begerow, D. and Bergeron, M. J. and Blackwell, M. and Boekhout, T. and Bogale, M. and Boonyuen, N. and Burgaz, A. R. and Buyck, B. and Cai, L. and Cai, Q. and Cardinali, G. and Chaverri, P. and Coppins, B. J. and Crespo, A. and Cubas, P. and Cummings, C. and Damm, U. and de Beer, Z. W. and de Hoog, G. S. and Del-Prado, R. and B, Dentinger and Dieguez-Uribeondo, J. and Divakar, P. K. and Douglas, B. and Duenas, M. and Duong, T. A. and Eberhardt, U. and Edwards, J. E. and Elshahed, M. S. and Fliegerova, K. and Furtado, M. and Garcia, M. A. and Ge, Z. W. and Griffith, G. W. and Griffiths, K. and Groenewald, J. Z. and Groenewald, M. and Grube, M. and Gryzenhout, M. and Guo, L. D. and Hagen, F. and Hambleton, S. and Hamelin, R. C. and Hansen, K. and Harrold, P. and Heller, G. and Herrera, G. and Hirayama, K. and Hirooka, Y. and Ho, H. M. and Hoffmann, K. and Hofstetter, V. and Hognabba, F. and Hollingsworth, P. M. and Hong, S. B. and Hosaka, K. and Houbraken, J. and Hughes, K. and Huhtinen, S. and Hyde, K. D. and James, T. and Johnson, E. M. and Johnson, J. E. and Johnston, P. R. and Jones, E. B. and Kelly, L. J. and Kirk, P. M. and Knapp, D. G. and Koljalg, U. and GM, Kovacs and Kurtzman, C. P. and Landvik, S. and Leavitt, S. D. and Liggenstoffer, A. S. and Liimatainen, K. and Lombard, L. and Luangsa-Ard, J. J. and Lumbsch, H. T. and Maganti, H. and Maharachchikumbura, S. S. and Martin, M. P. and May, T. W. and McTaggart, A. R. and Methven, A. S. and others },
   title = {Nuclear ribosomal internal transcribed spacer (ITS) region as a universal DNA barcode marker for Fungi},
   journal = {Proceedings of the National Academy of Sciences of the United States of America},
   volume = {109},
   number = {16},
   pages = {6241-6246},
   ISSN = {0027-8424},
   DOI = {10.1073/pnas.1117018109},
   url = {<Go to ISI>://WOS:000303246100068},
   year = {2012},
   type = {Journal Article}
}

@article{RN77,
   author = {Secor, P. R. and Michaels, L. A. and Smigiel, K. S. and Rohani, M. G. and Jennings, L. K. and Hisert, K. B. and Arrigoni, A. and Braun, K. R. and Birkland, T. P. and Lai, Y. and Hallstrand, T. S. and Bollyky, P. L. and Singh, P. K. and Parks, W. C.},
   title = {Filamentous Bacteriophage Produced by Pseudomonas aeruginosa Alters the Inflammatory Response and Promotes Noninvasive Infection In Vivo},
   journal = {Infect Immun},
   volume = {85},
   number = {1},
   ISSN = {1098-5522 (Electronic)
0019-9567 (Linking)},
   DOI = {10.1128/IAI.00648-16},
   url = {https://www.ncbi.nlm.nih.gov/pubmed/27795361},
   year = {2017},
   type = {Journal Article}
}

@article{RN138,
   author = {Secor, P. R. and Sweere, J. M. and Michaels, L. A. and Malkovskiy, A. V. and Lazzareschi, D. and Katznelson, E. and Rajadas, J. and Birnbaum, M. E. and Arrigoni, A. and Braun, K. R. and Evanko, S. P. and Stevens, D. A. and Kaminsky, W. and Singh, P. K. and Parks, W. C. and Bollyky, P. L.},
   title = {Filamentous Bacteriophage Promote Biofilm Assembly and Function},
   journal = {Cell Host Microbe},
   volume = {18},
   number = {5},
   pages = {549-59},
   ISSN = {1934-6069 (Electronic)
1931-3128 (Linking)},
   DOI = {10.1016/j.chom.2015.10.013},
   url = {https://www.ncbi.nlm.nih.gov/pubmed/26567508},
   year = {2015},
   type = {Journal Article}
}

@article{RN4,
   author = {Sen, C. K. and Gordillo, G. M. and Roy, S. and Kirsner, R. and Lambert, L. and Hunt, T. K. and Gottrup, F. and Gurtner, G. C. and Longaker, M. T.},
   title = {Human skin wounds: a major and snowballing threat to public health and the economy},
   journal = {Wound Repair Regen},
   volume = {17},
   number = {6},
   pages = {763-71},
   ISSN = {1524-475X (Electronic)
1067-1927 (Linking)},
   DOI = {10.1111/j.1524-475X.2009.00543.x},
   url = {https://www.ncbi.nlm.nih.gov/pubmed/19903300},
   year = {2009},
   type = {Journal Article}
}

@article{RN130,
   author = {Shkoporov, A. N. and Ryan, F. J. and Draper, L. A. and Forde, A. and Stockdale, S. R. and Daly, K. M. and McDonnell, S. A. and Nolan, J. A. and Sutton, T. D. S. and Dalmasso, M. and McCann, A. and Ross, R. P. and Hill, C.},
   title = {Reproducible protocols for metagenomic analysis of human faecal phageomes},
   journal = {Microbiome},
   volume = {6},
   ISSN = {2049-2618},
   DOI = {ARTN 68
10.1186/s40168-018-0446-z},
   url = {<Go to ISI>://WOS:000429970700002},
   year = {2018},
   type = {Journal Article}
}

@article{RN149,
   author = {Sillankorva, S. and Azeredo, J.},
   title = {The Use of Bacteriophages and Bacteriophage-derived Enzymes for Clinically Relevant Biofilm Control},
   journal = {Phage Therapy: Current Research and Applications},
   pages = {309-329},
   url = {<Go to ISI>://WOS:000384251600015},
   year = {2014},
   type = {Journal Article}
}

@article{RN155,
   author = {Silveira, C. B. and Rohwer, F. L.},
   title = {Piggyback-the-Winner in host-associated microbial communities},
   journal = {Npj Biofilms and Microbiomes},
   volume = {2},
   ISSN = {2055-5008},
   DOI = {UNSP 16010
10.1038/npjbiofilms.2016.10},
   url = {<Go to ISI>://WOS:000419466300011},
   year = {2016},
   type = {Journal Article}
}

@article{RN86,
   author = {Stewart, E. J.},
   title = {Growing unculturable bacteria},
   journal = {J Bacteriol},
   volume = {194},
   number = {16},
   pages = {4151-60},
   ISSN = {1098-5530 (Electronic)
0021-9193 (Linking)},
   DOI = {10.1128/JB.00345-12},
   url = {https://www.ncbi.nlm.nih.gov/pubmed/22661685},
   year = {2012},
   type = {Journal Article}
}

@article{RN113,
   author = {Sugimoto, S. and Iwamoto, T. and Takada, K. and Okuda, K. and Tajima, A. and Iwase, T. and Mizunoe, Y.},
   title = {Staphylococcus epidermidis Esp Degrades Specific Proteins Associated with Staphylococcus aureus Biofilm Formation and Host-Pathogen Interaction},
   journal = {Journal of Bacteriology},
   volume = {195},
   number = {8},
   pages = {1645-1655},
   ISSN = {0021-9193},
   DOI = {10.1128/Jb.01672-12},
   url = {<Go to ISI>://WOS:000317322800004},
   year = {2013},
   type = {Journal Article}
}

@article{RN102,
   author = {Tan, G. and Opitz, L. and Schlapbach, R. and Rehrauer, H.},
   title = {Long fragments achieve lower base quality in Illumina paired-end sequencing},
   journal = {Scientific Reports},
   volume = {9},
   ISSN = {2045-2322},
   DOI = {ARTN 2856
10.1038/s41598-019-39076-7},
   url = {<Go to ISI>://WOS:000459799800005},
   year = {2019},
   type = {Journal Article}
}

@article{RN162,
   author = {Thingstad, T. F.},
   title = {Elements of a theory for the mechanisms controlling abundance, diversity, and biogeochemical role of lytic bacterial viruses in aquatic systems},
   journal = {Limnology and Oceanography},
   volume = {45},
   number = {6},
   pages = {1320-1328},
   ISSN = {0024-3590},
   DOI = {DOI 10.4319/lo.2000.45.6.1320},
   url = {<Go to ISI>://WOS:000089396500011},
   year = {2000},
   type = {Journal Article}
}

@article{RN67,
   author = {Thurber, R. V. and Haynes, M. and Breitbart, M. and Wegley, L. and Rohwer, F.},
   title = {Laboratory procedures to generate viral metagenomes},
   journal = {Nat Protoc},
   volume = {4},
   number = {4},
   pages = {470-83},
   ISSN = {1750-2799 (Electronic)
1750-2799 (Linking)},
   DOI = {10.1038/nprot.2009.10},
   url = {https://www.ncbi.nlm.nih.gov/pubmed/19300441},
   year = {2009},
   type = {Journal Article}
}

@article{RN178,
   author = {Tsao, Y. F. and Taylor, V. L. and Kala, S. and Bondy-Denomy, J. and Khan, A. N. and Bona, D. and Cattoir, V. and Lory, S. and Davidson, A. R. and Maxwell, K. L.},
   title = {Phage Morons Play an Important Role in Pseudomonas aeruginosa Phenotypes},
   journal = {Journal of Bacteriology},
   volume = {200},
   number = {22},
   ISSN = {0021-9193},
   DOI = {ARTN e00189-18
10.1128/JB.00189-18},
   url = {<Go to ISI>://WOS:000448034900001},
   year = {2018},
   type = {Journal Article}
}

@article{RN41,
   author = {Verbanic, S. and Kim, C. Y. and Deacon, J. M. and Chen, I. A.},
   title = {Improved single-swab sample preparation for recovering bacterial and phage DNA from human skin and wound microbiomes},
   journal = {BMC Microbiol},
   volume = {19},
   number = {1},
   pages = {214},
   ISSN = {1471-2180 (Electronic)
1471-2180 (Linking)},
   DOI = {10.1186/s12866-019-1586-4},
   url = {https://www.ncbi.nlm.nih.gov/pubmed/31488062},
   year = {2019},
   type = {Journal Article}
}

@article{RN99,
   author = {Vetrovsky, T. and Baldrian, P.},
   title = {The variability of the 16S rRNA gene in bacterial genomes and its consequences for bacterial community analyses},
   journal = {PLoS One},
   volume = {8},
   number = {2},
   pages = {e57923},
   ISSN = {1932-6203 (Electronic)
1932-6203 (Linking)},
   DOI = {10.1371/journal.pone.0057923},
   url = {https://www.ncbi.nlm.nih.gov/pubmed/23460914},
   year = {2013},
   type = {Journal Article}
}

@article{RN181,
   author = {Villafane, R. and Zayas, M. and Gilcrease, E. B. and Kropinski, A. M. and Casjens, S. R.},
   title = {Genomic analysis of bacteriophage epsilon(34) of Salmonella enterica serovar Anatum (15+)},
   journal = {Bmc Microbiology},
   volume = {8},
   ISSN = {1471-2180},
   DOI = {Artn 227
10.1186/1471-2180-8-227},
   url = {<Go to ISI>://WOS:000263172400001},
   year = {2008},
   type = {Journal Article}
}

@article{RN158,
   author = {Wagner, P. L. and Neely, M. N. and Zhang, X. P. and Acheson, D. W. K. and Waldor, M. K. and Friedman, D. I.},
   title = {Role for a phage promoter in Shiga toxin 2 expression from a pathogenic Escherichia coli strain},
   journal = {Journal of Bacteriology},
   volume = {183},
   number = {6},
   pages = {2081-2085},
   ISSN = {0021-9193},
   DOI = {Doi 10.1128/Jb.183.6.2081-2085.2001},
   url = {<Go to ISI>://WOS:000167261300029},
   year = {2001},
   type = {Journal Article}
}

@article{RN46,
   author = {Wickham, H.},
   title = {ggplot2: Elegant Graphics for Data Analysis},
   journal = {Ggplot2: Elegant Graphics for Data Analysis},
   pages = {1-212},
   DOI = {10.1007/978-0-387-98141-3},
   url = {<Go to ISI>://WOS:000269437100014},
   year = {2009},
   type = {Journal Article}
}

@article{RN48,
   author = {Wilcox, J. R. and Carter, M. J. and Covington, S.},
   title = {Frequency of debridements and time to heal: a retrospective cohort study of 312 744 wounds},
   journal = {JAMA Dermatol},
   volume = {149},
   number = {9},
   pages = {1050-8},
   ISSN = {2168-6084 (Electronic)
2168-6068 (Linking)},
   DOI = {10.1001/jamadermatol.2013.4960},
   url = {https://www.ncbi.nlm.nih.gov/pubmed/23884238},
   year = {2013},
   type = {Journal Article}
}

@article{RN29,
   author = {Wolcott, R. and Costerton, J. W. and Raoult, D. and Cutler, S. J.},
   title = {The polymicrobial nature of biofilm infection},
   journal = {Clin Microbiol Infect},
   volume = {19},
   number = {2},
   pages = {107-12},
   ISSN = {1469-0691 (Electronic)
1198-743X (Linking)},
   DOI = {10.1111/j.1469-0691.2012.04001.x},
   url = {https://www.ncbi.nlm.nih.gov/pubmed/22925473},
   year = {2013},
   type = {Journal Article}
}

@article{RN6,
   author = {Wolcott, R. D. and Hanson, J. D. and Rees, E. J. and Koenig, L. D. and Phillips, C. D. and Wolcott, R. A. and Cox, S. B. and White, J. S.},
   title = {Analysis of the chronic wound microbiota of 2,963 patients by 16S rDNA pyrosequencing},
   journal = {Wound Repair Regen},
   volume = {24},
   number = {1},
   pages = {163-74},
   ISSN = {1524-475X (Electronic)
1067-1927 (Linking)},
   DOI = {10.1111/wrr.12370},
   url = {https://www.ncbi.nlm.nih.gov/pubmed/26463872},
   year = {2016},
   type = {Journal Article}
}

@article{RN172,
   author = {Wood, D. E. and Lu, J. and Langmead, B.},
   title = {Improved metagenomic analysis with Kraken 2},
   journal = {Genome Biol},
   volume = {20},
   number = {1},
   pages = {257},
   ISSN = {1474-760X (Electronic)
1474-7596 (Linking)},
   DOI = {10.1186/s13059-019-1891-0},
   url = {https://www.ncbi.nlm.nih.gov/pubmed/31779668},
   year = {2019},
   type = {Journal Article}
}

@article{RN93,
   author = {Yang, B. and Wang, Y. and Qian, P. Y.},
   title = {Sensitivity and correlation of hypervariable regions in 16S rRNA genes in phylogenetic analysis},
   journal = {BMC Bioinformatics},
   volume = {17},
   pages = {135},
   ISSN = {1471-2105 (Electronic)
1471-2105 (Linking)},
   DOI = {10.1186/s12859-016-0992-y},
   url = {https://www.ncbi.nlm.nih.gov/pubmed/27000765},
   year = {2016},
   type = {Journal Article}
}

@article{RN196,
   author = {Yazdi, M. and Bouzari, M. and Ghaemi, E. A.},
   title = {Isolation and Characterization of a Lytic Bacteriophage (vB\_PmiS-TH) and Its Application in Combination with Ampicillin against Planktonic and Biofilm Forms of Proteus mirabilis Isolated from Urinary Tract Infection},
   journal = {Journal of Molecular Microbiology and Biotechnology},
   volume = {28},
   number = {1},
   pages = {37-46},
   ISSN = {1464-1801},
   DOI = {10.1159/000487137},
   url = {<Go to ISI>://WOS:000432625500004},
   year = {2018},
   type = {Journal Article}
}

@article{RN40,
   author = {Yoon, J. W. and Wanderman, N. R. and Kerezoudis, P. and Alvi, M. A. and De Biase, G. and Akinduro, O. O. and Berbari, E. F. and Bydon, M. and Freedman, B. A.},
   title = {Enterobacter Infection after Spine Surgery: An Institutional Experience},
   journal = {World Neurosurg},
   volume = {123},
   pages = {e330-e337},
   ISSN = {1878-8769 (Electronic)
1878-8750 (Linking)},
   DOI = {10.1016/j.wneu.2018.11.169},
   url = {https://www.ncbi.nlm.nih.gov/pubmed/30500574},
   year = {2019},
   type = {Journal Article}
}

@article{RN62,
   author = {Yuan, S. and Cohen, D. B. and Ravel, J. and Abdo, Z. and Forney, L. J.},
   title = {Evaluation of methods for the extraction and purification of DNA from the human microbiome},
   journal = {PLoS One},
   volume = {7},
   number = {3},
   pages = {e33865},
   ISSN = {1932-6203 (Electronic)
1932-6203 (Linking)},
   DOI = {10.1371/journal.pone.0033865},
   url = {https://www.ncbi.nlm.nih.gov/pubmed/22457796},
   year = {2012},
   type = {Journal Article}
}

@article{RN126,
   author = {Zarate, S. and Taboada, B. and Yocupicio-Monroy, M. and Arias, C. F.},
   title = {Human Virome},
   journal = {Archives of Medical Research},
   volume = {48},
   number = {8},
   pages = {701-716},
   ISSN = {0188-4409},
   DOI = {10.1016/j.arcmed.2018.01.005},
   url = {<Go to ISI>://WOS:000430893800005},
   year = {2017},
   type = {Journal Article}
}

@article{RN171,
   author = {Zeeuwen, Pljm and Boekhorst, J. and Ederveen, T. H. A. and Kleerebezem, M. and Schalkwijk, J. and van Hijum, Saft and Timmerman, H. M.},
   title = {Reply to Meisel et al},
   journal = {J Invest Dermatol},
   volume = {137},
   number = {4},
   pages = {961-962},
   ISSN = {1523-1747 (Electronic)
0022-202X (Linking)},
   DOI = {10.1016/j.jid.2016.11.013},
   url = {https://www.ncbi.nlm.nih.gov/pubmed/27887953},
   year = {2017},
   type = {Journal Article}
}

@article{RN180,
   author = {Zegans, M. E. and Wagner, J. C. and Cady, K. C. and Murphy, D. M. and Hammond, J. H. and O'Toole, G. A.},
   title = {Interaction between Bacteriophage DMS3 and Host CRISPR Region Inhibits Group Behaviors of Pseudomonas aeruginosa},
   journal = {Journal of Bacteriology},
   volume = {191},
   number = {1},
   pages = {210-219},
   ISSN = {0021-9193},
   DOI = {10.1128/Jb.00797-08},
   url = {<Go to ISI>://WOS:000261628100022},
   year = {2009},
   type = {Journal Article}
}

@article{RN132,
   author = {Zhao, G. Y. and Wu, G. and Lim, E. S. and Droit, L. and Krishnamurthy, S. and Barouch, D. H. and Virgin, H. W. and Wang, D.},
   title = {VirusSeeker, a computational pipeline for virus discovery and virome composition analysis},
   journal = {Virology},
   volume = {503},
   pages = {21-30},
   ISSN = {0042-6822},
   DOI = {10.1016/j.virol.2017.01.005},
   url = {<Go to ISI>://WOS:000395356200004},
   year = {2017},
   type = {Journal Article}
}

@article{RN114,
   author = {Zipperer, A. and Konnerth, M. C. and Laux, C. and Berscheid, A. and Janek, D. and Weidenmaier, C. and Burian, M. and Schilling, N. A. and Slavetinsky, C. and Marschal, M. and Willmann, M. and Kalbacher, H. and Schittek, B. and Brotz-Oesterhelt, H. and Grond, S. and Peschel, A. and Krismer, B.},
   title = {Human commensals producing a novel antibiotic impair pathogen colonization (vol 535, 511, 2016)},
   journal = {Nature},
   volume = {539},
   number = {7628},
   pages = {314-314},
   ISSN = {0028-0836},
   DOI = {10.1038/nature19781},
   url = {<Go to ISI>://WOS:000387318500050},
   year = {2016},
   type = {Journal Article}
}

